market,time,coin_metrics_id,amount,price,database_time,side
coinbase-btc-usd-spot,2022-03-07T18:53:41.427842000Z,292716509,0.00719887,38071.32,2022-03-07T18:53:41.527824000Z,buy
coinbase-btc-usd-spot,2022-03-07T18:53:41.427842000Z,292716510,0.00178347,38074.32,2022-03-07T18:53:41.527824000Z,buy
coinbase-btc-usd-spot,2022-03-07T18:53:41.427842000Z,292716511,0.04035171,38076.68,2022-03-07T18:53:41.527824000Z,buy
coinbase-btc-usd-spot,2022-03-07T18:53:41.427842000Z,292716512,0.05,38076.69,2022-03-07T18:53:41.527824000Z,buy
coinbase-btc-usd-spot,2022-03-07T18:53:41.427842000Z,292716513,0.04,38076.7,2022-03-07T18:53:41.527824000Z,buy
coinbase-btc-usd-spot,2022-03-07T18:53:41.427842000Z,292716514,0.039,38076.71,2022-03-07T18:53:41.527824000Z,buy
coinbase-btc-usd-spot,2022-03-07T18:53:41.427842000Z,292716515,0.00582445,38077.32,2022-03-07T18:53:41.527824000Z,buy
coinbase-btc-usd-spot,2022-03-07T18:53:41.612523000Z,292716516,0.01622611,38070.98,2022-03-07T18:53:41.691129000Z,sell
coinbase-btc-usd-spot,2022-03-07T18:53:41.612523000Z,292716517,0.00347917,38070.03,2022-03-07T18:53:41.691129000Z,sell
coinbase-btc-usd-spot,2022-03-07T18:53:41.612523000Z,292716518,0.00400295,38070,2022-03-07T18:53:41.691129000Z,sell
coinbase-btc-usd-spot,2022-03-07T18:53:41.612523000Z,292716519,0.04,38069.16,2022-03-07T18:53:41.691129000Z,sell
coinbase-btc-usd-spot,2022-03-07T18:53:41.612523000Z,292716520,0.03551653,38069.15,2022-03-07T18:53:41.691129000Z,sell
coinbase-btc-usd-spot,2022-03-07T18:53:42.855934000Z,292716521,0.00026111,38069.54,2022-03-07T18:53:42.941548000Z,buy
coinbase-btc-usd-spot,2022-03-07T18:53:42.955424000Z,292716522,0.00026137,38069.33,2022-03-07T18:53:43.028248000Z,buy
coinbase-btc-usd-spot,2022-03-07T18:53:42.976157000Z,292716523,0.00131427,38069.33,2022-03-07T18:53:43.074211000Z,buy
coinbase-btc-usd-spot,2022-03-07T18:53:42.976157000Z,292716524,0.0004624,38069.33,2022-03-07T18:53:43.074211000Z,buy
coinbase-btc-usd-spot,2022-03-07T18:53:43.198933000Z,292716525,0.00061441,38069.33,2022-03-07T18:53:43.278338000Z,buy
coinbase-btc-usd-spot,2022-03-07T18:53:43.202344000Z,292716526,0.00048854,38069.33,2022-03-07T18:53:43.278338000Z,buy
coinbase-btc-usd-spot,2022-03-07T18:53:43.202344000Z,292716527,0.0023345,38069.34,2022-03-07T18:53:43.278338000Z,buy
coinbase-btc-usd-spot,2022-03-07T18:53:43.297269000Z,292716528,0.00122794,38069.16,2022-03-07T18:53:43.441606000Z,sell
coinbase-btc-usd-spot,2022-03-07T18:53:43.297269000Z,292716529,0.06448347,38069.15,2022-03-07T18:53:43.441606000Z,sell
coinbase-btc-usd-spot,2022-03-07T18:53:43.369098000Z,292716530,0.00253566,38068.66,2022-03-07T18:53:43.441606000Z,buy
coinbase-btc-usd-spot,2022-03-07T18:53:43.564532000Z,292716531,0.00114044,38068.66,2022-03-07T18:53:43.691787000Z,buy
coinbase-btc-usd-spot,2022-03-07T18:53:43.564532000Z,292716532,0.00177013,38068.66,2022-03-07T18:53:43.691787000Z,buy
coinbase-btc-usd-spot,2022-03-07T18:53:43.564532000Z,292716533,0.00234188,38069.04,2022-03-07T18:53:43.691787000Z,buy
coinbase-btc-usd-spot,2022-03-07T18:53:43.681610000Z,292716534,0.001,38069.01,2022-03-07T18:53:43.779040000Z,buy
coinbase-btc-usd-spot,2022-03-07T18:53:43.681610000Z,292716535,0.00123909,38069.02,2022-03-07T18:53:43.779040000Z,buy
coinbase-btc-usd-spot,2022-03-07T18:53:43.681610000Z,292716536,0.00779766,38069.03,2022-03-07T18:53:43.779040000Z,buy
coinbase-btc-usd-spot,2022-03-07T18:53:44.041286000Z,292716537,0.001,38066.07,2022-03-07T18:53:44.191788000Z,buy
coinbase-btc-usd-spot,2022-03-07T18:53:44.041286000Z,292716538,0.00402701,38066.08,2022-03-07T18:53:44.191788000Z,buy
coinbase-btc-usd-spot,2022-03-07T18:53:44.275893000Z,292716539,0.00048386,38066.06,2022-03-07T18:53:44.442090000Z,buy
coinbase-btc-usd-spot,2022-03-07T18:53:44.720280000Z,292716540,0.001,38066.04,2022-03-07T18:53:44.827190000Z,buy
coinbase-btc-usd-spot,2022-03-07T18:53:44.720280000Z,292716541,0.00051614,38066.06,2022-03-07T18:53:44.827190000Z,buy
coinbase-btc-usd-spot,2022-03-07T18:53:44.720280000Z,292716542,0.00101952,38066.08,2022-03-07T18:53:44.827190000Z,buy
coinbase-btc-usd-spot,2022-03-07T18:53:44.975741000Z,292716543,0.00055903,38065.52,2022-03-07T18:53:45.077365000Z,sell
coinbase-btc-usd-spot,2022-03-07T18:53:45.075550000Z,292716544,0.001,38065.97,2022-03-07T18:53:45.192259000Z,buy
coinbase-btc-usd-spot,2022-03-07T18:53:45.075550000Z,292716545,0.00025486,38065.98,2022-03-07T18:53:45.192259000Z,buy
coinbase-btc-usd-spot,2022-03-07T18:53:45.171781000Z,292716546,0.00163398,38065.59,2022-03-07T18:53:45.280616000Z,sell
coinbase-btc-usd-spot,2022-03-07T18:53:45.171781000Z,292716547,0.00163398,38065.56,2022-03-07T18:53:45.280616000Z,sell
coinbase-btc-usd-spot,2022-03-07T18:53:45.171781000Z,292716548,0.00173263,38065.55,2022-03-07T18:53:45.280616000Z,sell
coinbase-btc-usd-spot,2022-03-07T18:53:45.171781000Z,292716549,0.00173263,38065.54,2022-03-07T18:53:45.280616000Z,sell
coinbase-btc-usd-spot,2022-03-07T18:53:45.171781000Z,292716550,0.00173263,38065.53,2022-03-07T18:53:45.280616000Z,sell
coinbase-btc-usd-spot,2022-03-07T18:53:45.171781000Z,292716551,0.00921474,38062.66,2022-03-07T18:53:45.280616000Z,sell
coinbase-btc-usd-spot,2022-03-07T18:53:45.271950000Z,292716552,0.001,38065.97,2022-03-07T18:53:45.442347000Z,buy
coinbase-btc-usd-spot,2022-03-07T18:53:45.271950000Z,292716553,0.00074514,38065.98,2022-03-07T18:53:45.442347000Z,buy
coinbase-btc-usd-spot,2022-03-07T18:53:45.271950000Z,292716554,0.00202493,38065.99,2022-03-07T18:53:45.442347000Z,buy
coinbase-btc-usd-spot,2022-03-07T18:53:45.410252000Z,292716555,0.00662364,38065.99,2022-03-07T18:53:45.530573000Z,buy
coinbase-btc-usd-spot,2022-03-07T18:53:45.410252000Z,292716556,0.00213154,38066.08,2022-03-07T18:53:45.530573000Z,buy
coinbase-btc-usd-spot,2022-03-07T18:53:45.449710000Z,292716557,0.00148309,38066.08,2022-03-07T18:53:45.530573000Z,buy
coinbase-btc-usd-spot,2022-03-07T18:53:45.449710000Z,292716558,0.0113938,38069.02,2022-03-07T18:53:45.530573000Z,buy
coinbase-btc-usd-spot,2022-03-07T18:53:45.598186000Z,292716559,0.00061449,38069.01,2022-03-07T18:53:45.692503000Z,buy
coinbase-btc-usd-spot,2022-03-07T18:53:45.860172000Z,292716560,0.0006144,38069.04,2022-03-07T18:53:45.942659000Z,buy
coinbase-btc-usd-spot,2022-03-07T18:53:46.008378000Z,292716561,0.00031,38066.02,2022-03-07T18:53:46.081646000Z,buy
coinbase-btc-usd-spot,2022-03-07T18:53:46.022438000Z,292716562,0.00864,38066.03,2022-03-07T18:53:46.193657000Z,buy
coinbase-btc-usd-spot,2022-03-07T18:53:46.091425000Z,292716563,0.001,38066.01,2022-03-07T18:53:46.193657000Z,buy
coinbase-btc-usd-spot,2022-03-07T18:53:46.091425000Z,292716564,0.001,38066.02,2022-03-07T18:53:46.193657000Z,buy
coinbase-btc-usd-spot,2022-03-07T18:53:46.091425000Z,292716565,0.00000015,38066.03,2022-03-07T18:53:46.193657000Z,buy
coinbase-btc-usd-spot,2022-03-07T18:53:46.091425000Z,292716566,0.0003856,38069.04,2022-03-07T18:53:46.193657000Z,buy
coinbase-btc-usd-spot,2022-03-07T18:53:46.091425000Z,292716567,0.00276359,38069.34,2022-03-07T18:53:46.193657000Z,buy
coinbase-btc-usd-spot,2022-03-07T18:53:46.894477000Z,292716568,0.0025911,38066.45,2022-03-07T18:53:47.031482000Z,sell
coinbase-btc-usd-spot,2022-03-07T18:53:46.894477000Z,292716569,0.00606026,38066.44,2022-03-07T18:53:47.031482000Z,sell
coinbase-btc-usd-spot,2022-03-07T18:53:47.081285000Z,292716570,0.00579529,38064.99,2022-03-07T18:53:47.193355000Z,sell
coinbase-btc-usd-spot,2022-03-07T18:53:47.119196000Z,292716571,0.00253566,38069.09,2022-03-07T18:53:47.193355000Z,buy
coinbase-btc-usd-spot,2022-03-07T18:53:47.173468000Z,292716572,0.01220061,38069.34,2022-03-07T18:53:47.282108000Z,buy
coinbase-btc-usd-spot,2022-03-07T18:53:47.173468000Z,292716573,0.03779939,38069.34,2022-03-07T18:53:47.282108000Z,buy
coinbase-btc-usd-spot,2022-03-07T18:53:47.178037000Z,292716574,0.05,38069.34,2022-03-07T18:53:47.282108000Z,buy
coinbase-btc-usd-spot,2022-03-07T18:53:47.245408000Z,292716575,0.03674612,38065.73,2022-03-07T18:53:47.332074000Z,sell
coinbase-btc-usd-spot,2022-03-07T18:53:47.245408000Z,292716576,0.0094996,38065.72,2022-03-07T18:53:47.332074000Z,sell
coinbase-btc-usd-spot,2022-03-07T18:53:47.467066000Z,292716577,0.00674356,38066.57,2022-03-07T18:53:47.580995000Z,sell
coinbase-btc-usd-spot,2022-03-07T18:53:47.467066000Z,292716578,0.00604809,38066.53,2022-03-07T18:53:47.580995000Z,sell
coinbase-btc-usd-spot,2022-03-07T18:53:47.760200000Z,292716579,0.001,38069.33,2022-03-07T18:53:47.831743000Z,buy
coinbase-btc-usd-spot,2022-03-07T18:53:47.760200000Z,292716580,0.46849889,38069.34,2022-03-07T18:53:47.831743000Z,buy
coinbase-btc-usd-spot,2022-03-07T18:53:47.877876000Z,292716581,0.00728896,38075.16,2022-03-07T18:53:48.032102000Z,buy
coinbase-btc-usd-spot,2022-03-07T18:53:47.911602000Z,292716582,0.00245761,38070.7,2022-03-07T18:53:48.032102000Z,sell
coinbase-btc-usd-spot,2022-03-07T18:53:47.911602000Z,292716583,0.00245761,38070.69,2022-03-07T18:53:48.032102000Z,sell
coinbase-btc-usd-spot,2022-03-07T18:53:47.911602000Z,292716584,0.001,38070.69,2022-03-07T18:53:48.032102000Z,sell
coinbase-btc-usd-spot,2022-03-07T18:53:47.911602000Z,292716585,0.00245761,38070.68,2022-03-07T18:53:48.032102000Z,sell
coinbase-btc-usd-spot,2022-03-07T18:53:47.911602000Z,292716586,0.00181377,38070.67,2022-03-07T18:53:48.032102000Z,sell
coinbase-btc-usd-spot,2022-03-07T18:53:47.911602000Z,292716587,0.00712167,38070.66,2022-03-07T18:53:48.032102000Z,sell
coinbase-btc-usd-spot,2022-03-07T18:53:48.101945000Z,292716588,0.00023563,38075.3,2022-03-07T18:53:48.193818000Z,buy
coinbase-btc-usd-spot,2022-03-07T18:53:48.445159000Z,292716589,0.001,38070.72,2022-03-07T18:53:48.532267000Z,sell
coinbase-btc-usd-spot,2022-03-07T18:53:48.445159000Z,292716590,0.00108494,38070.71,2022-03-07T18:53:48.532267000Z,sell
coinbase-btc-usd-spot,2022-03-07T18:53:48.717168000Z,292716591,0.00364073,38074.07,2022-03-07T18:53:48.783670000Z,buy
coinbase-btc-usd-spot,2022-03-07T18:53:48.717168000Z,292716592,0.00279771,38077.75,2022-03-07T18:53:48.783670000Z,buy
coinbase-btc-usd-spot,2022-03-07T18:53:48.803783000Z,292716593,0.001,38070.73,2022-03-07T18:53:48.944161000Z,sell
coinbase-btc-usd-spot,2022-03-07T18:53:48.803783000Z,292716594,0.001,38070.72,2022-03-07T18:53:48.944161000Z,sell
coinbase-btc-usd-spot,2022-03-07T18:53:48.803783000Z,292716595,0.001,38070.7,2022-03-07T18:53:48.944161000Z,sell
coinbase-btc-usd-spot,2022-03-07T18:53:48.803783000Z,292716596,0.001,38070.69,2022-03-07T18:53:48.944161000Z,sell
coinbase-btc-usd-spot,2022-03-07T18:53:48.803783000Z,292716597,0.05,38070.69,2022-03-07T18:53:48.944161000Z,sell
coinbase-btc-usd-spot,2022-03-07T18:53:48.838294000Z,292716598,0.001,38067.96,2022-03-07T18:53:48.944161000Z,sell
coinbase-btc-usd-spot,2022-03-07T18:53:48.903586000Z,292716599,0.00105584,38069.65,2022-03-07T18:53:49.033665000Z,buy
coinbase-btc-usd-spot,2022-03-07T18:53:48.903586000Z,292716600,0.00019899,38069.65,2022-03-07T18:53:49.033665000Z,buy
coinbase-btc-usd-spot,2022-03-07T18:53:49.900152000Z,292716601,0.001,38061.82,2022-03-07T18:53:50.034750000Z,sell
coinbase-btc-usd-spot,2022-03-07T18:53:49.900152000Z,292716602,0.0072993,38061.81,2022-03-07T18:53:50.034750000Z,sell
coinbase-btc-usd-spot,2022-03-07T18:53:51.032017000Z,292716603,0.04883997,38061.81,2022-03-07T18:53:51.195063000Z,sell
coinbase-btc-usd-spot,2022-03-07T18:53:51.788553000Z,292716604,0.001,38061.9,2022-03-07T18:53:51.952133000Z,buy
coinbase-btc-usd-spot,2022-03-07T18:53:51.788553000Z,292716605,0.00385424,38061.95,2022-03-07T18:53:51.952133000Z,buy
coinbase-btc-usd-spot,2022-03-07T18:53:51.788553000Z,292716606,0.00385424,38061.97,2022-03-07T18:53:51.952133000Z,buy
coinbase-btc-usd-spot,2022-03-07T18:53:51.788553000Z,292716607,0.0000886,38065.29,2022-03-07T18:53:51.952133000Z,buy
coinbase-btc-usd-spot,2022-03-07T18:53:51.895410000Z,292716608,0.001,38061.85,2022-03-07T18:53:52.035414000Z,sell
coinbase-btc-usd-spot,2022-03-07T18:53:51.895410000Z,292716609,0.001,38061.84,2022-03-07T18:53:52.035414000Z,sell
coinbase-btc-usd-spot,2022-03-07T18:53:51.895410000Z,292716610,0.001,38061.83,2022-03-07T18:53:52.035414000Z,sell
coinbase-btc-usd-spot,2022-03-07T18:53:51.895410000Z,292716611,0.00530613,38061.82,2022-03-07T18:53:52.035414000Z,sell
coinbase-btc-usd-spot,2022-03-07T18:53:52.287579000Z,292716612,0.001,38063.07,2022-03-07T18:53:52.448433000Z,sell
coinbase-btc-usd-spot,2022-03-07T18:53:52.287579000Z,292716613,0.02626973,38063.06,2022-03-07T18:53:52.448433000Z,sell
coinbase-btc-usd-spot,2022-03-07T18:53:52.287579000Z,292716614,0.06567275,38061.95,2022-03-07T18:53:52.448433000Z,sell
coinbase-btc-usd-spot,2022-03-07T18:53:52.291309000Z,292716615,0.001,38061.89,2022-03-07T18:53:52.448433000Z,sell
coinbase-btc-usd-spot,2022-03-07T18:53:52.291309000Z,292716616,0.001,38061.87,2022-03-07T18:53:52.448433000Z,sell
coinbase-btc-usd-spot,2022-03-07T18:53:52.291309000Z,292716617,0.001,38061.86,2022-03-07T18:53:52.448433000Z,sell
coinbase-btc-usd-spot,2022-03-07T18:53:52.291309000Z,292716618,0.25772277,38061.8,2022-03-07T18:53:52.448433000Z,sell
coinbase-btc-usd-spot,2022-03-07T18:53:52.309761000Z,292716619,0.02626973,38063.06,2022-03-07T18:53:52.448433000Z,sell
coinbase-btc-usd-spot,2022-03-07T18:53:52.309761000Z,292716620,0.00156091,38061.9,2022-03-07T18:53:52.448433000Z,sell
coinbase-btc-usd-spot,2022-03-07T18:53:52.309761000Z,292716621,0.02726973,38061.8,2022-03-07T18:53:52.448433000Z,sell
coinbase-btc-usd-spot,2022-03-07T18:53:52.309761000Z,292716622,0.186365,38061.21,2022-03-07T18:53:52.448433000Z,sell
coinbase-btc-usd-spot,2022-03-07T18:53:52.341659000Z,292716623,0.001,38063.07,2022-03-07T18:53:52.448433000Z,sell
coinbase-btc-usd-spot,2022-03-07T18:53:52.341659000Z,292716624,0.00512182,38061.95,2022-03-07T18:53:52.448433000Z,sell
coinbase-btc-usd-spot,2022-03-07T18:53:52.353109000Z,292716625,0.06055093,38061.95,2022-03-07T18:53:52.448433000Z,sell
coinbase-btc-usd-spot,2022-03-07T18:53:52.353109000Z,292716626,0.00109264,38061.92,2022-03-07T18:53:52.448433000Z,sell
coinbase-btc-usd-spot,2022-03-07T18:53:52.353109000Z,292716627,0.001,38061.92,2022-03-07T18:53:52.448433000Z,sell
coinbase-btc-usd-spot,2022-03-07T18:53:52.353109000Z,292716628,0.00156091,38061.91,2022-03-07T18:53:52.448433000Z,sell
coinbase-btc-usd-spot,2022-03-07T18:53:52.353109000Z,292716629,0.001,38061.91,2022-03-07T18:53:52.448433000Z,sell
coinbase-btc-usd-spot,2022-03-07T18:53:52.353109000Z,292716630,0.001,38061.81,2022-03-07T18:53:52.448433000Z,sell
coinbase-btc-usd-spot,2022-03-07T18:53:52.353109000Z,292716631,0.00156091,38061.81,2022-03-07T18:53:52.448433000Z,sell
coinbase-btc-usd-spot,2022-03-07T18:53:52.353109000Z,292716632,0.06970034,38061.07,2022-03-07T18:53:52.448433000Z,sell
coinbase-btc-usd-spot,2022-03-07T18:53:53.179333000Z,292716633,0.000086,38063.07,2022-03-07T18:53:53.286049000Z,sell
coinbase-btc-usd-spot,2022-03-07T18:53:53.428071000Z,292716634,0.00158671,38063.53,2022-03-07T18:53:53.535842000Z,buy
coinbase-btc-usd-spot,2022-03-07T18:53:53.428071000Z,292716635,0.00023054,38063.53,2022-03-07T18:53:53.535842000Z,buy
coinbase-btc-usd-spot,2022-03-07T18:53:53.428071000Z,292716636,0.0001956,38063.54,2022-03-07T18:53:53.535842000Z,buy
coinbase-btc-usd-spot,2022-03-07T18:53:54.392816000Z,292716637,0.00006502,38063.91,2022-03-07T18:53:54.538350000Z,buy
coinbase-btc-usd-spot,2022-03-07T18:53:54.633912000Z,292716638,0.0007321,38063.91,2022-03-07T18:53:54.700763000Z,buy
coinbase-btc-usd-spot,2022-03-07T18:53:54.913758000Z,292716639,0.00112844,38062.99,2022-03-07T18:53:55.038630000Z,sell
coinbase-btc-usd-spot,2022-03-07T18:53:54.913758000Z,292716640,0.00420415,38062.98,2022-03-07T18:53:55.038630000Z,sell
coinbase-btc-usd-spot,2022-03-07T18:53:54.913758000Z,292716641,0.00112844,38062.94,2022-03-07T18:53:55.038630000Z,sell
coinbase-btc-usd-spot,2022-03-07T18:53:54.913758000Z,292716642,0.0203259,38060.36,2022-03-07T18:53:55.038630000Z,sell
coinbase-btc-usd-spot,2022-03-07T18:53:54.919050000Z,292716643,0.00017688,38060.36,2022-03-07T18:53:55.038630000Z,sell
coinbase-btc-usd-spot,2022-03-07T18:53:54.937071000Z,292716644,0.000016,38063.85,2022-03-07T18:53:55.038630000Z,buy
coinbase-btc-usd-spot,2022-03-07T18:53:56.334582000Z,292716645,0.00008364,38063.31,2022-03-07T18:53:56.449977000Z,buy
coinbase-btc-usd-spot,2022-03-07T18:53:56.799767000Z,292716646,0.00154863,38063.27,2022-03-07T18:53:56.950325000Z,buy
coinbase-btc-usd-spot,2022-03-07T18:53:56.799767000Z,292716647,0.00035583,38063.31,2022-03-07T18:53:56.950325000Z,buy
coinbase-btc-usd-spot,2022-03-07T18:53:56.799767000Z,292716648,0.00312248,38063.32,2022-03-07T18:53:56.950325000Z,buy
coinbase-btc-usd-spot,2022-03-07T18:53:57.123009000Z,292716649,0.00154863,38063.31,2022-03-07T18:53:57.200320000Z,buy
coinbase-btc-usd-spot,2022-03-07T18:53:57.123009000Z,292716650,0.00863865,38063.36,2022-03-07T18:53:57.200320000Z,buy
coinbase-btc-usd-spot,2022-03-07T18:53:57.123009000Z,292716651,0.0086603,38063.38,2022-03-07T18:53:57.200320000Z,buy
coinbase-btc-usd-spot,2022-03-07T18:53:57.123009000Z,292716652,0.00690574,38063.88,2022-03-07T18:53:57.200320000Z,buy
coinbase-btc-usd-spot,2022-03-07T18:53:57.354256000Z,292716653,0.001,38063.87,2022-03-07T18:53:57.450367000Z,buy
coinbase-btc-usd-spot,2022-03-07T18:53:57.354256000Z,292716654,0.00174283,38063.88,2022-03-07T18:53:57.450367000Z,buy
coinbase-btc-usd-spot,2022-03-07T18:53:57.354256000Z,292716655,0.0024851,38063.92,2022-03-07T18:53:57.450367000Z,buy
coinbase-btc-usd-spot,2022-03-07T18:53:58.972263000Z,292716656,0.001,38062.94,2022-03-07T18:53:59.040645000Z,sell
coinbase-btc-usd-spot,2022-03-07T18:53:58.972263000Z,292716657,0.00042032,38062.94,2022-03-07T18:53:59.040645000Z,sell
coinbase-btc-usd-spot,2022-03-07T18:53:59.584924000Z,292716658,0.00105207,38063.82,2022-03-07T18:53:59.701214000Z,buy
coinbase-btc-usd-spot,2022-03-07T18:53:59.948834000Z,292716659,0.01308356,38063.64,2022-03-07T18:54:00.041183000Z,buy
coinbase-btc-usd-spot,2022-03-07T18:54:00.023097000Z,292716660,0.0099684,38063.64,2022-03-07T18:54:00.100306000Z,buy
coinbase-btc-usd-spot,2022-03-07T18:54:00.023097000Z,292716661,0.01481533,38063.65,2022-03-07T18:54:00.100306000Z,buy
coinbase-btc-usd-spot,2022-03-07T18:54:00.023097000Z,292716662,0.00760084,38063.82,2022-03-07T18:54:00.202395000Z,buy
coinbase-btc-usd-spot,2022-03-07T18:54:00.023097000Z,292716663,0.01730542,38064.2,2022-03-07T18:54:00.202395000Z,buy
coinbase-btc-usd-spot,2022-03-07T18:54:00.197181000Z,292716664,0.00247241,38069.58,2022-03-07T18:54:00.291942000Z,buy
coinbase-btc-usd-spot,2022-03-07T18:54:00.197181000Z,292716665,0.00004092,38069.59,2022-03-07T18:54:00.291942000Z,buy
coinbase-btc-usd-spot,2022-03-07T18:54:00.260037000Z,292716666,0.00171,38069.58,2022-03-07T18:54:00.360246000Z,buy
coinbase-btc-usd-spot,2022-03-07T18:54:00.280200000Z,292716667,0.00000841,38069.58,2022-03-07T18:54:00.454961000Z,buy
coinbase-btc-usd-spot,2022-03-07T18:54:00.280200000Z,292716668,0.00389159,38069.6,2022-03-07T18:54:00.454961000Z,buy
coinbase-btc-usd-spot,2022-03-07T18:54:00.329569000Z,292716669,0.00001336,38069.6,2022-03-07T18:54:00.454961000Z,buy
coinbase-btc-usd-spot,2022-03-07T18:54:00.329569000Z,292716670,0.00390495,38069.61,2022-03-07T18:54:00.454961000Z,buy
coinbase-btc-usd-spot,2022-03-07T18:54:00.329569000Z,292716671,0.00390495,38069.62,2022-03-07T18:54:00.454961000Z,buy
coinbase-btc-usd-spot,2022-03-07T18:54:00.329569000Z,292716672,0.00390495,38069.63,2022-03-07T18:54:00.454961000Z,buy
coinbase-btc-usd-spot,2022-03-07T18:54:00.349243000Z,292716673,0.00120289,38069.59,2022-03-07T18:54:00.454961000Z,buy
coinbase-btc-usd-spot,2022-03-07T18:54:00.421825000Z,292716674,0.00120289,38069.58,2022-03-07T18:54:00.542513000Z,buy
coinbase-btc-usd-spot,2022-03-07T18:54:00.732545000Z,292716675,0.0000528,38068.88,2022-03-07T18:54:00.857699000Z,sell
coinbase-btc-usd-spot,2022-03-07T18:54:00.789765000Z,292716676,0.00804347,38073.56,2022-03-07T18:54:00.857699000Z,buy
coinbase-btc-usd-spot,2022-03-07T18:54:01.061424000Z,292716677,0.01511749,38071.47,2022-03-07T18:54:01.207152000Z,buy
coinbase-btc-usd-spot,2022-03-07T18:54:01.061424000Z,292716678,0.02474919,38071.9,2022-03-07T18:54:01.207152000Z,buy
coinbase-btc-usd-spot,2022-03-07T18:54:01.061424000Z,292716679,0.01152598,38071.91,2022-03-07T18:54:01.207152000Z,buy
coinbase-btc-usd-spot,2022-03-07T18:54:01.061424000Z,292716680,0.00048434,38071.92,2022-03-07T18:54:01.207152000Z,buy
coinbase-btc-usd-spot,2022-03-07T18:54:01.061424000Z,292716681,0.02625068,38071.93,2022-03-07T18:54:01.207152000Z,buy
coinbase-btc-usd-spot,2022-03-07T18:54:01.061424000Z,292716682,0.01411481,38072.18,2022-03-07T18:54:01.207152000Z,buy
coinbase-btc-usd-spot,2022-03-07T18:54:01.069060000Z,292716683,0.02133698,38071.45,2022-03-07T18:54:01.207152000Z,buy
coinbase-btc-usd-spot,2022-03-07T18:54:01.069060000Z,292716684,0.01371216,38072.18,2022-03-07T18:54:01.207152000Z,buy
coinbase-btc-usd-spot,2022-03-07T18:54:01.069060000Z,292716685,0.01468241,38072.19,2022-03-07T18:54:01.207152000Z,buy
coinbase-btc-usd-spot,2022-03-07T18:54:01.069060000Z,292716686,0.04,38072.2,2022-03-07T18:54:01.207152000Z,buy
coinbase-btc-usd-spot,2022-03-07T18:54:01.069060000Z,292716687,0.02299809,38072.21,2022-03-07T18:54:01.207152000Z,buy
coinbase-btc-usd-spot,2022-03-07T18:54:01.069060000Z,292716688,0.01795843,38072.36,2022-03-07T18:54:01.207152000Z,buy
coinbase-btc-usd-spot,2022-03-07T18:54:01.069060000Z,292716689,0.02489005,38072.57,2022-03-07T18:54:01.207152000Z,buy
coinbase-btc-usd-spot,2022-03-07T18:54:01.069060000Z,292716690,0.02967984,38072.63,2022-03-07T18:54:01.207152000Z,buy
coinbase-btc-usd-spot,2022-03-07T18:54:01.069060000Z,292716691,0.00888323,38072.65,2022-03-07T18:54:01.207152000Z,buy
coinbase-btc-usd-spot,2022-03-07T18:54:01.069060000Z,292716692,0.5566028,38073.54,2022-03-07T18:54:01.207152000Z,buy
coinbase-btc-usd-spot,2022-03-07T18:54:01.069060000Z,292716693,0.01124122,38073.55,2022-03-07T18:54:01.207152000Z,buy
coinbase-btc-usd-spot,2022-03-07T18:54:01.069060000Z,292716694,1.76396676,38073.56,2022-03-07T18:54:01.207152000Z,buy
coinbase-btc-usd-spot,2022-03-07T18:54:01.112071000Z,292716695,0.00666908,38072.09,2022-03-07T18:54:01.207152000Z,buy
coinbase-btc-usd-spot,2022-03-07T18:54:01.112071000Z,292716696,0.00618325,38072.09,2022-03-07T18:54:01.207152000Z,buy
coinbase-btc-usd-spot,2022-03-07T18:54:01.112071000Z,292716697,0.18635,38072.77,2022-03-07T18:54:01.207152000Z,buy
coinbase-btc-usd-spot,2022-03-07T18:54:01.112071000Z,292716698,0.01152598,38073.99,2022-03-07T18:54:01.207152000Z,buy
coinbase-btc-usd-spot,2022-03-07T18:54:01.112071000Z,292716699,0.01628656,38074,2022-03-07T18:54:01.207152000Z,buy
coinbase-btc-usd-spot,2022-03-07T18:54:03.082690000Z,292716700,0.001,38074.71,2022-03-07T18:54:03.208166000Z,buy
coinbase-btc-usd-spot,2022-03-07T18:54:03.082690000Z,292716701,0.01187666,38074.71,2022-03-07T18:54:03.208166000Z,buy
coinbase-btc-usd-spot,2022-03-07T18:54:03.098183000Z,292716702,0.00278099,38071.52,2022-03-07T18:54:03.208166000Z,sell
coinbase-btc-usd-spot,2022-03-07T18:54:04.258678000Z,292716703,0.001,38070.59,2022-03-07T18:54:04.368652000Z,buy
coinbase-btc-usd-spot,2022-03-07T18:54:04.258678000Z,292716704,0.00161242,38070.6,2022-03-07T18:54:04.368652000Z,buy
coinbase-btc-usd-spot,2022-03-07T18:54:04.739846000Z,292716705,0.00514963,38070.6,2022-03-07T18:54:04.868318000Z,buy
coinbase-btc-usd-spot,2022-03-07T18:54:05.672187000Z,292716706,0.00072561,38070.6,2022-03-07T18:54:05.795389000Z,buy
coinbase-btc-usd-spot,2022-03-07T18:54:05.672187000Z,292716707,0.001,38070.6,2022-03-07T18:54:05.795389000Z,buy
coinbase-btc-usd-spot,2022-03-07T18:54:05.672187000Z,292716708,0.00003318,38070.6,2022-03-07T18:54:05.795389000Z,buy
coinbase-btc-usd-spot,2022-03-07T18:54:05.679773000Z,292716709,0.00110985,38070.59,2022-03-07T18:54:05.795389000Z,sell
coinbase-btc-usd-spot,2022-03-07T18:54:05.818321000Z,292716710,0.00073219,38070.6,2022-03-07T18:54:05.959206000Z,buy
coinbase-btc-usd-spot,2022-03-07T18:54:05.925783000Z,292716711,0.00384302,38072.94,2022-03-07T18:54:06.045737000Z,buy
coinbase-btc-usd-spot,2022-03-07T18:54:05.941363000Z,292716712,0.00431349,38072.93,2022-03-07T18:54:06.045737000Z,sell
coinbase-btc-usd-spot,2022-03-07T18:54:05.941363000Z,292716713,0.0019467,38072.81,2022-03-07T18:54:06.045737000Z,sell
coinbase-btc-usd-spot,2022-03-07T18:54:05.962524000Z,292716714,0.00155445,38072.81,2022-03-07T18:54:06.045737000Z,sell
coinbase-btc-usd-spot,2022-03-07T18:54:05.962524000Z,292716715,0.00155445,38072.02,2022-03-07T18:54:06.045737000Z,sell
coinbase-btc-usd-spot,2022-03-07T18:54:05.962524000Z,292716716,0.0019467,38072.01,2022-03-07T18:54:06.045737000Z,sell
coinbase-btc-usd-spot,2022-03-07T18:54:06.314771000Z,292716717,0.00085703,38072.93,2022-03-07T18:54:06.459356000Z,buy
coinbase-btc-usd-spot,2022-03-07T18:54:06.314771000Z,292716718,0.02627054,38072.95,2022-03-07T18:54:06.459356000Z,buy
coinbase-btc-usd-spot,2022-03-07T18:54:06.314771000Z,292716719,0.01150129,38075.17,2022-03-07T18:54:06.459356000Z,buy
coinbase-btc-usd-spot,2022-03-07T18:54:06.563244000Z,292716720,0.004,38070.88,2022-03-07T18:54:06.709740000Z,sell
coinbase-btc-usd-spot,2022-03-07T18:54:06.575013000Z,292716721,0.00534867,38070.89,2022-03-07T18:54:06.709740000Z,sell
coinbase-btc-usd-spot,2022-03-07T18:54:06.629885000Z,292716722,0.001,38070.86,2022-03-07T18:54:06.709740000Z,sell
coinbase-btc-usd-spot,2022-03-07T18:54:06.629885000Z,292716723,0.001,38070.83,2022-03-07T18:54:06.709740000Z,sell
coinbase-btc-usd-spot,2022-03-07T18:54:06.629885000Z,292716724,0.001,38070.82,2022-03-07T18:54:06.709740000Z,sell
coinbase-btc-usd-spot,2022-03-07T18:54:06.629885000Z,292716725,0.001,38070.81,2022-03-07T18:54:06.709740000Z,sell
coinbase-btc-usd-spot,2022-03-07T18:54:07.103441000Z,292716726,0.00242132,38070.68,2022-03-07T18:54:07.209860000Z,buy
coinbase-btc-usd-spot,2022-03-07T18:54:07.103441000Z,292716727,0.00865166,38070.69,2022-03-07T18:54:07.209860000Z,buy
coinbase-btc-usd-spot,2022-03-07T18:54:07.103441000Z,292716728,0.00181501,38072.78,2022-03-07T18:54:07.209860000Z,buy
coinbase-btc-usd-spot,2022-03-07T18:54:07.158253000Z,292716729,0.00035309,38072.78,2022-03-07T18:54:07.296705000Z,buy
coinbase-btc-usd-spot,2022-03-07T18:54:07.660149000Z,292716730,0.01095811,38069.97,2022-03-07T18:54:07.796336000Z,sell
coinbase-btc-usd-spot,2022-03-07T18:54:07.660149000Z,292716731,0.00066783,38069.89,2022-03-07T18:54:07.796336000Z,sell
coinbase-btc-usd-spot,2022-03-07T18:54:07.689955000Z,292716732,0.01939325,38069.8,2022-03-07T18:54:07.796336000Z,sell
coinbase-btc-usd-spot,2022-03-07T18:54:07.689955000Z,292716733,0.0125181,38069.8,2022-03-07T18:54:07.796336000Z,sell
coinbase-btc-usd-spot,2022-03-07T18:54:07.697886000Z,292716734,0.00061449,38073.7,2022-03-07T18:54:07.796336000Z,buy
coinbase-btc-usd-spot,2022-03-07T18:54:07.721734000Z,292716735,0.001,38069.26,2022-03-07T18:54:07.796336000Z,sell
coinbase-btc-usd-spot,2022-03-07T18:54:07.721734000Z,292716736,0.001,38068.81,2022-03-07T18:54:07.796336000Z,sell
coinbase-btc-usd-spot,2022-03-07T18:54:07.721734000Z,292716737,0.001,38068.8,2022-03-07T18:54:07.796336000Z,sell
coinbase-btc-usd-spot,2022-03-07T18:54:07.721734000Z,292716738,0.001,38068.79,2022-03-07T18:54:07.796336000Z,sell
coinbase-btc-usd-spot,2022-03-07T18:54:08.600965000Z,292716739,0.00023553,38069.47,2022-03-07T18:54:08.711021000Z,buy
coinbase-btc-usd-spot,2022-03-07T18:54:08.745665000Z,292716740,0.00048387,38069.47,2022-03-07T18:54:08.875440000Z,buy
coinbase-btc-usd-spot,2022-03-07T18:54:09.790622000Z,292716741,0.00060852,38068.68,2022-03-07T18:54:09.876495000Z,buy
coinbase-btc-usd-spot,2022-03-07T18:54:10.166870000Z,292716742,0.00869327,38067.78,2022-03-07T18:54:10.297700000Z,buy
coinbase-btc-usd-spot,2022-03-07T18:54:10.166870000Z,292716743,0.00803578,38068.68,2022-03-07T18:54:10.297700000Z,buy
coinbase-btc-usd-spot,2022-03-07T18:54:10.166870000Z,292716744,0.00792463,38069.47,2022-03-07T18:54:10.297700000Z,buy
coinbase-btc-usd-spot,2022-03-07T18:54:10.166870000Z,292716745,0.01288079,38071.85,2022-03-07T18:54:10.297700000Z,buy
coinbase-btc-usd-spot,2022-03-07T18:54:10.166870000Z,292716746,0.05676879,38073.3,2022-03-07T18:54:10.297700000Z,buy
coinbase-btc-usd-spot,2022-03-07T18:54:10.166870000Z,292716747,0.04,38073.33,2022-03-07T18:54:10.297700000Z,buy
coinbase-btc-usd-spot,2022-03-07T18:54:10.166870000Z,292716748,0.192,38073.34,2022-03-07T18:54:10.297700000Z,buy
coinbase-btc-usd-spot,2022-03-07T18:54:10.166870000Z,292716749,0.02626845,38075.92,2022-03-07T18:54:10.297700000Z,buy
coinbase-btc-usd-spot,2022-03-07T18:54:10.166870000Z,292716750,0.06191819,38076.65,2022-03-07T18:54:10.297700000Z,buy
coinbase-btc-usd-spot,2022-03-07T18:54:10.975083000Z,292716751,0.002536,38072.37,2022-03-07T18:54:11.047747000Z,buy
coinbase-btc-usd-spot,2022-03-07T18:54:11.049297000Z,292716752,0.00528102,38070.43,2022-03-07T18:54:11.129353000Z,sell
coinbase-btc-usd-spot,2022-03-07T18:54:11.061291000Z,292716753,0.00018585,38072.37,2022-03-07T18:54:11.211944000Z,buy
coinbase-btc-usd-spot,2022-03-07T18:54:11.061291000Z,292716754,0.00232491,38075.26,2022-03-07T18:54:11.211944000Z,buy
coinbase-btc-usd-spot,2022-03-07T18:54:11.674366000Z,292716755,0.00061449,38075.45,2022-03-07T18:54:11.798039000Z,buy
coinbase-btc-usd-spot,2022-03-07T18:54:11.725186000Z,292716756,0.00004627,38070.12,2022-03-07T18:54:11.798039000Z,sell
coinbase-btc-usd-spot,2022-03-07T18:54:11.892050000Z,292716757,0.0057796,38075.4,2022-03-07T18:54:11.962678000Z,buy
coinbase-btc-usd-spot,2022-03-07T18:54:12.377116000Z,292716758,0.001,38070.13,2022-03-07T18:54:12.462524000Z,sell
coinbase-btc-usd-spot,2022-03-07T18:54:12.377116000Z,292716759,0.01821202,38070.12,2022-03-07T18:54:12.462524000Z,sell
coinbase-btc-usd-spot,2022-03-07T18:54:12.380660000Z,292716760,0.0246885,38069.27,2022-03-07T18:54:12.462524000Z,sell
coinbase-btc-usd-spot,2022-03-07T18:54:12.384515000Z,292716761,0.04,38069.27,2022-03-07T18:54:12.462524000Z,sell
coinbase-btc-usd-spot,2022-03-07T18:54:12.525643000Z,292716762,0.001,38066.96,2022-03-07T18:54:12.631127000Z,sell
coinbase-btc-usd-spot,2022-03-07T18:54:12.635776000Z,292716763,0.01643612,38065.18,2022-03-07T18:54:12.712792000Z,sell
coinbase-btc-usd-spot,2022-03-07T18:54:12.700127000Z,292716764,0.00717747,38065.18,2022-03-07T18:54:12.803359000Z,sell
coinbase-btc-usd-spot,2022-03-07T18:54:12.712399000Z,292716765,0.07638641,38065.18,2022-03-07T18:54:12.803359000Z,sell
coinbase-btc-usd-spot,2022-03-07T18:54:12.712399000Z,292716766,0.48629906,38065.01,2022-03-07T18:54:12.803359000Z,sell
coinbase-btc-usd-spot,2022-03-07T18:54:13.229464000Z,292716767,0.00002626,38063.49,2022-03-07T18:54:13.299153000Z,buy
coinbase-btc-usd-spot,2022-03-07T18:54:13.248924000Z,292716768,0.00177667,38062.81,2022-03-07T18:54:13.381107000Z,sell
coinbase-btc-usd-spot,2022-03-07T18:54:13.497808000Z,292716769,0.01165948,38063.47,2022-03-07T18:54:13.631760000Z,buy
coinbase-btc-usd-spot,2022-03-07T18:54:13.535706000Z,292716770,0.00020611,38063.46,2022-03-07T18:54:13.631760000Z,buy
coinbase-btc-usd-spot,2022-03-07T18:54:13.535706000Z,292716771,0.00845826,38063.65,2022-03-07T18:54:13.631760000Z,buy
coinbase-btc-usd-spot,2022-03-07T18:54:13.540136000Z,292716772,0.00082821,38063.65,2022-03-07T18:54:13.631760000Z,buy
coinbase-btc-usd-spot,2022-03-07T18:54:13.543932000Z,292716773,0.00254384,38063.65,2022-03-07T18:54:13.631760000Z,buy
coinbase-btc-usd-spot,2022-03-07T18:54:13.543932000Z,292716774,0.00612053,38063.7,2022-03-07T18:54:13.631760000Z,buy
coinbase-btc-usd-spot,2022-03-07T18:54:13.562765000Z,292716775,0.00254384,38063.7,2022-03-07T18:54:13.631760000Z,buy
coinbase-btc-usd-spot,2022-03-07T18:54:13.637402000Z,292716776,0.02627499,38067.13,2022-03-07T18:54:13.714054000Z,buy
coinbase-btc-usd-spot,2022-03-07T18:54:13.689574000Z,292716777,0.0051501,38068.76,2022-03-07T18:54:13.799833000Z,buy
coinbase-btc-usd-spot,2022-03-07T18:54:13.908971000Z,292716778,0.00502776,38066.05,2022-03-07T18:54:14.049539000Z,buy
coinbase-btc-usd-spot,2022-03-07T18:54:13.920339000Z,292716779,0.00362257,38066.05,2022-03-07T18:54:14.049539000Z,buy
coinbase-btc-usd-spot,2022-03-07T18:54:14.383642000Z,292716780,0.00183342,38069.97,2022-03-07T18:54:14.464350000Z,buy
coinbase-btc-usd-spot,2022-03-07T18:54:14.383642000Z,292716781,0.1,38069.98,2022-03-07T18:54:14.464350000Z,buy
coinbase-btc-usd-spot,2022-03-07T18:54:14.528211000Z,292716782,0.00865235,38072.06,2022-03-07T18:54:14.637796000Z,buy
coinbase-btc-usd-spot,2022-03-07T18:54:14.670723000Z,292716783,0.002789,38074.2,2022-03-07T18:54:14.801017000Z,buy
coinbase-btc-usd-spot,2022-03-07T18:54:14.670723000Z,292716784,0.00300419,38075.36,2022-03-07T18:54:14.801017000Z,buy
coinbase-btc-usd-spot,2022-03-07T18:54:14.819567000Z,292716785,0.0026385,38069.54,2022-03-07T18:54:14.886686000Z,sell
coinbase-btc-usd-spot,2022-03-07T18:54:14.819567000Z,292716786,0.0104885,38069.54,2022-03-07T18:54:14.886686000Z,sell
coinbase-btc-usd-spot,2022-03-07T18:54:15.570354000Z,292716787,0.00197822,38070.86,2022-03-07T18:54:15.637820000Z,buy
coinbase-btc-usd-spot,2022-03-07T18:54:15.570354000Z,292716788,0.01452792,38070.87,2022-03-07T18:54:15.637820000Z,buy
coinbase-btc-usd-spot,2022-03-07T18:54:15.570354000Z,292716789,0.00865279,38071.01,2022-03-07T18:54:15.637820000Z,buy
coinbase-btc-usd-spot,2022-03-07T18:54:15.570354000Z,292716790,0.04151812,38072.76,2022-03-07T18:54:15.714811000Z,buy
coinbase-btc-usd-spot,2022-03-07T18:54:15.798705000Z,292716791,0.0019523,38072.76,2022-03-07T18:54:15.887521000Z,buy
coinbase-btc-usd-spot,2022-03-07T18:54:15.798705000Z,292716792,0.00834656,38075.35,2022-03-07T18:54:15.887521000Z,buy
coinbase-btc-usd-spot,2022-03-07T18:54:16.303843000Z,292716793,0.00629719,38070.31,2022-03-07T18:54:16.388342000Z,buy
coinbase-btc-usd-spot,2022-03-07T18:54:16.893769000Z,292716794,0.00250448,38071.76,2022-03-07T18:54:16.965278000Z,sell
coinbase-btc-usd-spot,2022-03-07T18:54:16.893769000Z,292716795,0.00615032,38071.48,2022-03-07T18:54:16.965278000Z,sell
coinbase-btc-usd-spot,2022-03-07T18:54:17.524825000Z,292716796,0.00138475,38075.23,2022-03-07T18:54:17.639965000Z,buy
coinbase-btc-usd-spot,2022-03-07T18:54:17.524825000Z,292716797,0.00136661,38075.23,2022-03-07T18:54:17.639965000Z,buy
coinbase-btc-usd-spot,2022-03-07T18:54:17.524825000Z,292716798,0.00136661,38075.24,2022-03-07T18:54:17.639965000Z,buy
coinbase-btc-usd-spot,2022-03-07T18:54:17.524825000Z,292716799,0.02626841,38075.76,2022-03-07T18:54:17.639965000Z,buy
coinbase-btc-usd-spot,2022-03-07T18:54:17.524825000Z,292716800,0.05,38076.23,2022-03-07T18:54:17.639965000Z,buy
coinbase-btc-usd-spot,2022-03-07T18:54:17.524825000Z,292716801,0.1,38076.24,2022-03-07T18:54:17.639965000Z,buy
coinbase-btc-usd-spot,2022-03-07T18:54:17.524825000Z,292716802,0.06567346,38076.56,2022-03-07T18:54:17.639965000Z,buy
coinbase-btc-usd-spot,2022-03-07T18:54:17.524825000Z,292716803,0.01500424,38077.27,2022-03-07T18:54:17.639965000Z,buy
coinbase-btc-usd-spot,2022-03-07T18:54:17.556914000Z,292716804,0.00010479,38075.76,2022-03-07T18:54:17.639965000Z,buy
coinbase-btc-usd-spot,2022-03-07T18:54:17.895137000Z,292716805,0.00770619,38071.82,2022-03-07T18:54:17.965639000Z,sell
coinbase-btc-usd-spot,2022-03-07T18:54:17.895137000Z,292716806,0.00094064,38071.77,2022-03-07T18:54:17.965639000Z,sell
coinbase-btc-usd-spot,2022-03-07T18:54:17.963153000Z,292716807,0.00050978,38074.79,2022-03-07T18:54:18.052481000Z,buy
coinbase-btc-usd-spot,2022-03-07T18:54:18.404622000Z,292716808,0.00103068,38071.78,2022-03-07T18:54:18.468304000Z,sell
coinbase-btc-usd-spot,2022-03-07T18:54:18.404622000Z,292716809,0.00117116,38071.78,2022-03-07T18:54:18.468304000Z,sell
coinbase-btc-usd-spot,2022-03-07T18:54:18.404622000Z,292716810,0.02349879,38069.47,2022-03-07T18:54:18.560369000Z,sell
coinbase-btc-usd-spot,2022-03-07T18:54:18.475447000Z,292716811,0.001,38069.07,2022-03-07T18:54:18.560369000Z,sell
coinbase-btc-usd-spot,2022-03-07T18:54:18.475447000Z,292716812,0.001,38069.06,2022-03-07T18:54:18.560369000Z,sell
coinbase-btc-usd-spot,2022-03-07T18:54:18.475447000Z,292716813,0.00103068,38069.05,2022-03-07T18:54:18.560369000Z,sell
coinbase-btc-usd-spot,2022-03-07T18:54:18.475447000Z,292716814,0.001,38069.05,2022-03-07T18:54:18.560369000Z,sell
coinbase-btc-usd-spot,2022-03-07T18:54:18.475447000Z,292716815,0.04,38069.04,2022-03-07T18:54:18.560369000Z,sell
coinbase-btc-usd-spot,2022-03-07T18:54:18.475447000Z,292716816,0.022647,38069.03,2022-03-07T18:54:18.560369000Z,sell
coinbase-btc-usd-spot,2022-03-07T18:54:18.538054000Z,292716817,0.001,38069.09,2022-03-07T18:54:18.655389000Z,sell
coinbase-btc-usd-spot,2022-03-07T18:54:18.538054000Z,292716818,0.001,38069.08,2022-03-07T18:54:18.655389000Z,sell
coinbase-btc-usd-spot,2022-03-07T18:54:18.538054000Z,292716819,0.001,38069.04,2022-03-07T18:54:18.655389000Z,sell
coinbase-btc-usd-spot,2022-03-07T18:54:18.538054000Z,292716820,0.001,38069.04,2022-03-07T18:54:18.655389000Z,sell
coinbase-btc-usd-spot,2022-03-07T18:54:18.672126000Z,292716821,0.001,38069.12,2022-03-07T18:54:18.812988000Z,sell
coinbase-btc-usd-spot,2022-03-07T18:54:18.691388000Z,292716822,0.001,38069.11,2022-03-07T18:54:18.812988000Z,sell
coinbase-btc-usd-spot,2022-03-07T18:54:18.696162000Z,292716823,0.00186212,38071.4,2022-03-07T18:54:18.812988000Z,buy
coinbase-btc-usd-spot,2022-03-07T18:54:18.708221000Z,292716824,0.001,38069.12,2022-03-07T18:54:18.812988000Z,sell
coinbase-btc-usd-spot,2022-03-07T18:54:18.896919000Z,292716825,0.001,38069.11,2022-03-07T18:54:18.966181000Z,sell
coinbase-btc-usd-spot,2022-03-07T18:54:18.896919000Z,292716826,0.00411705,38063.08,2022-03-07T18:54:18.966181000Z,sell
coinbase-btc-usd-spot,2022-03-07T18:54:19.102026000Z,292716827,0.0019291,38069.1,2022-03-07T18:54:19.216128000Z,buy
coinbase-btc-usd-spot,2022-03-07T18:54:19.102026000Z,292716828,0.0031682,38069.11,2022-03-07T18:54:19.216128000Z,buy
coinbase-btc-usd-spot,2022-03-07T18:54:19.115408000Z,292716829,0.00162088,38069.12,2022-03-07T18:54:19.216128000Z,buy
coinbase-btc-usd-spot,2022-03-07T18:54:19.863539000Z,292716830,0.00061434,38069.03,2022-03-07T18:54:19.966413000Z,buy
coinbase-btc-usd-spot,2022-03-07T18:54:19.894743000Z,292716831,0.00865104,38063.42,2022-03-07T18:54:19.966413000Z,sell
coinbase-btc-usd-spot,2022-03-07T18:54:20.770683000Z,292716832,0.00002625,38069.72,2022-03-07T18:54:20.907847000Z,buy
coinbase-btc-usd-spot,2022-03-07T18:54:20.903489000Z,292716833,0.001,38064.32,2022-03-07T18:54:21.063529000Z,sell
coinbase-btc-usd-spot,2022-03-07T18:54:20.903489000Z,292716834,0.00765232,38064.32,2022-03-07T18:54:21.063529000Z,sell
coinbase-btc-usd-spot,2022-03-07T18:54:21.819972000Z,292716835,0.00376333,38062.81,2022-03-07T18:54:21.910434000Z,sell
coinbase-btc-usd-spot,2022-03-07T18:54:21.819972000Z,292716836,0.12727824,38062.79,2022-03-07T18:54:21.910434000Z,sell
coinbase-btc-usd-spot,2022-03-07T18:54:21.896259000Z,292716837,0.0086491,38062.26,2022-03-07T18:54:21.967661000Z,sell
coinbase-btc-usd-spot,2022-03-07T18:54:22.610251000Z,292716838,0.00048368,38067.19,2022-03-07T18:54:22.717830000Z,buy
coinbase-btc-usd-spot,2022-03-07T18:54:22.655172000Z,292716839,0.02624633,38069.72,2022-03-07T18:54:22.722378000Z,buy
coinbase-btc-usd-spot,2022-03-07T18:54:22.655172000Z,292716840,0.05464304,38071.76,2022-03-07T18:54:22.722378000Z,buy
coinbase-btc-usd-spot,2022-03-07T18:54:22.655172000Z,292716841,0.04785695,38071.77,2022-03-07T18:54:22.722378000Z,buy
coinbase-btc-usd-spot,2022-03-07T18:54:23.025499000Z,292716842,0.000026,38066.52,2022-03-07T18:54:23.164184000Z,sell
coinbase-btc-usd-spot,2022-03-07T18:54:23.077321000Z,292716843,0.00086258,38069.7,2022-03-07T18:54:23.164184000Z,buy
coinbase-btc-usd-spot,2022-03-07T18:54:23.118442000Z,292716844,0.00148971,38069.7,2022-03-07T18:54:23.218262000Z,buy
coinbase-btc-usd-spot,2022-03-07T18:54:23.297257000Z,292716845,0.0086544,38071.07,2022-03-07T18:54:23.415438000Z,buy
coinbase-btc-usd-spot,2022-03-07T18:54:23.297257000Z,292716846,0.00370771,38074.78,2022-03-07T18:54:23.415438000Z,buy
coinbase-btc-usd-spot,2022-03-07T18:54:23.322973000Z,292716847,0.00005763,38067.7,2022-03-07T18:54:23.415438000Z,sell
coinbase-btc-usd-spot,2022-03-07T18:54:23.455785000Z,292716848,0.001,38067.72,2022-03-07T18:54:23.564282000Z,sell
coinbase-btc-usd-spot,2022-03-07T18:54:23.455785000Z,292716849,0.01308595,38063.19,2022-03-07T18:54:23.564282000Z,sell
coinbase-btc-usd-spot,2022-03-07T18:54:24.460555000Z,292716850,0.00644625,38065.19,2022-03-07T18:54:24.564586000Z,buy
coinbase-btc-usd-spot,2022-03-07T18:54:24.460555000Z,292716851,0.00177386,38065.23,2022-03-07T18:54:24.564586000Z,buy
coinbase-btc-usd-spot,2022-03-07T18:54:24.460555000Z,292716852,0.00213574,38065.24,2022-03-07T18:54:24.564586000Z,buy
coinbase-btc-usd-spot,2022-03-07T18:54:24.613790000Z,292716853,0.00004673,38062.77,2022-03-07T18:54:24.718984000Z,sell
coinbase-btc-usd-spot,2022-03-07T18:54:24.638957000Z,292716854,0.56,38059.22,2022-03-07T18:54:24.718984000Z,sell
coinbase-btc-usd-spot,2022-03-07T18:54:24.638957000Z,292716855,0.00577068,38059.01,2022-03-07T18:54:24.718984000Z,sell
coinbase-btc-usd-spot,2022-03-07T18:54:24.650319000Z,292716856,0.48450383,38059.01,2022-03-07T18:54:24.718984000Z,sell
coinbase-btc-usd-spot,2022-03-07T18:54:24.650319000Z,292716857,0.59364988,38058.77,2022-03-07T18:54:24.718984000Z,sell
coinbase-btc-usd-spot,2022-03-07T18:54:24.721592000Z,292716858,0.47334196,38057.26,2022-03-07T18:54:24.817973000Z,sell
coinbase-btc-usd-spot,2022-03-07T18:54:24.721592000Z,292716859,0.46390167,38057.06,2022-03-07T18:54:24.817973000Z,sell
coinbase-btc-usd-spot,2022-03-07T18:54:24.818776000Z,292716860,0.11224713,38056.21,2022-03-07T18:54:24.925652000Z,sell
coinbase-btc-usd-spot,2022-03-07T18:54:24.830082000Z,292716861,0.00231778,38056.22,2022-03-07T18:54:24.925652000Z,buy
coinbase-btc-usd-spot,2022-03-07T18:54:24.837257000Z,292716862,0.3853787,38056.21,2022-03-07T18:54:24.969832000Z,sell
coinbase-btc-usd-spot,2022-03-07T18:54:24.873896000Z,292716863,0.46956104,38055.36,2022-03-07T18:54:24.969832000Z,sell
coinbase-btc-usd-spot,2022-03-07T18:54:24.873896000Z,292716864,0.13209263,38055,2022-03-07T18:54:24.969832000Z,sell
coinbase-btc-usd-spot,2022-03-07T18:54:24.873896000Z,292716865,0.09307557,38054.8,2022-03-07T18:54:24.969832000Z,sell
coinbase-btc-usd-spot,2022-03-07T18:54:25.092942000Z,292716866,0.00011439,38051.16,2022-03-07T18:54:25.218965000Z,sell
coinbase-btc-usd-spot,2022-03-07T18:54:25.182773000Z,292716867,0.00105064,38054.9,2022-03-07T18:54:25.319879000Z,buy
coinbase-btc-usd-spot,2022-03-07T18:54:25.182773000Z,292716868,0.00409785,38054.91,2022-03-07T18:54:25.319879000Z,buy
coinbase-btc-usd-spot,2022-03-07T18:54:25.462065000Z,292716869,0.00514802,38054.91,2022-03-07T18:54:25.570030000Z,buy
coinbase-btc-usd-spot,2022-03-07T18:54:25.630206000Z,292716870,0.00009912,38054.89,2022-03-07T18:54:25.719326000Z,buy
coinbase-btc-usd-spot,2022-03-07T18:54:25.667670000Z,292716871,0.0011769,38054.89,2022-03-07T18:54:25.819908000Z,buy
coinbase-btc-usd-spot,2022-03-07T18:54:25.667670000Z,292716872,0.00127602,38054.9,2022-03-07T18:54:25.819908000Z,buy
coinbase-btc-usd-spot,2022-03-07T18:54:25.667670000Z,292716873,0.00127602,38055.25,2022-03-07T18:54:25.819908000Z,buy
coinbase-btc-usd-spot,2022-03-07T18:54:25.667670000Z,292716874,0.02628248,38055.26,2022-03-07T18:54:25.819908000Z,buy
coinbase-btc-usd-spot,2022-03-07T18:54:25.667670000Z,292716875,0.00865294,38055.37,2022-03-07T18:54:25.819908000Z,buy
coinbase-btc-usd-spot,2022-03-07T18:54:25.667670000Z,292716876,0.13141631,38057.71,2022-03-07T18:54:25.819908000Z,buy
coinbase-btc-usd-spot,2022-03-07T18:54:25.667670000Z,292716877,0.18641,38057.8,2022-03-07T18:54:25.819908000Z,buy
coinbase-btc-usd-spot,2022-03-07T18:54:25.667670000Z,292716878,0.05515721,38059.8,2022-03-07T18:54:25.819908000Z,buy
coinbase-btc-usd-spot,2022-03-07T18:54:25.667670000Z,292716879,0.18641,38059.81,2022-03-07T18:54:25.819908000Z,buy
coinbase-btc-usd-spot,2022-03-07T18:54:25.667670000Z,292716880,0.00890438,38060.07,2022-03-07T18:54:25.819908000Z,buy
coinbase-btc-usd-spot,2022-03-07T18:54:25.667670000Z,292716881,0.00151926,38061.61,2022-03-07T18:54:25.819908000Z,buy
coinbase-btc-usd-spot,2022-03-07T18:54:25.667670000Z,292716882,0.1,38061.89,2022-03-07T18:54:25.819908000Z,buy
coinbase-btc-usd-spot,2022-03-07T18:54:25.667670000Z,292716883,0.186403,38061.9,2022-03-07T18:54:25.819908000Z,buy
coinbase-btc-usd-spot,2022-03-07T18:54:25.667670000Z,292716884,0.00626778,38062.63,2022-03-07T18:54:25.819908000Z,buy
coinbase-btc-usd-spot,2022-03-07T18:54:26.860440000Z,292716885,0.00238823,38054.9,2022-03-07T18:54:26.969913000Z,buy
coinbase-btc-usd-spot,2022-03-07T18:54:26.860440000Z,292716886,0.00012549,38054.91,2022-03-07T18:54:26.969913000Z,buy
coinbase-btc-usd-spot,2022-03-07T18:54:27.350030000Z,292716887,0.00643725,38053.33,2022-03-07T18:54:27.425013000Z,buy
coinbase-btc-usd-spot,2022-03-07T18:54:28.205213000Z,292716888,0.00313667,38053.89,2022-03-07T18:54:28.321368000Z,buy
coinbase-btc-usd-spot,2022-03-07T18:54:28.687060000Z,292716889,0.00125465,38053.45,2022-03-07T18:54:28.821631000Z,buy
coinbase-btc-usd-spot,2022-03-07T18:54:29.044831000Z,292716890,0.00255682,38050.33,2022-03-07T18:54:29.180126000Z,sell
coinbase-btc-usd-spot,2022-03-07T18:54:29.044831000Z,292716891,0.0025,38050,2022-03-07T18:54:29.180126000Z,sell
coinbase-btc-usd-spot,2022-03-07T18:54:29.044831000Z,292716892,0.5,38050,2022-03-07T18:54:29.180126000Z,sell
coinbase-btc-usd-spot,2022-03-07T18:54:29.050562000Z,292716893,0.00630232,38049.18,2022-03-07T18:54:29.180126000Z,sell
coinbase-btc-usd-spot,2022-03-07T18:54:29.050562000Z,292716894,0.02052965,38049.09,2022-03-07T18:54:29.180126000Z,sell
coinbase-btc-usd-spot,2022-03-07T18:54:29.069516000Z,292716895,0.04,38048.34,2022-03-07T18:54:29.180126000Z,sell
coinbase-btc-usd-spot,2022-03-07T18:54:29.069516000Z,292716896,0.1,38048.33,2022-03-07T18:54:29.180126000Z,sell
coinbase-btc-usd-spot,2022-03-07T18:54:29.081068000Z,292716897,0.00281412,38047.41,2022-03-07T18:54:29.180126000Z,sell
coinbase-btc-usd-spot,2022-03-07T18:54:29.123756000Z,292716898,0.01090366,38047,2022-03-07T18:54:29.221347000Z,sell
coinbase-btc-usd-spot,2022-03-07T18:54:29.191155000Z,292716899,0.0067892,38047,2022-03-07T18:54:29.327668000Z,sell
coinbase-btc-usd-spot,2022-03-07T18:54:29.201387000Z,292716900,0.35188188,38047,2022-03-07T18:54:29.327668000Z,sell
coinbase-btc-usd-spot,2022-03-07T18:54:29.216780000Z,292716901,0.49276,38047,2022-03-07T18:54:29.327668000Z,sell
coinbase-btc-usd-spot,2022-03-07T18:54:29.217218000Z,292716902,0.00000397,38047,2022-03-07T18:54:29.327668000Z,sell
coinbase-btc-usd-spot,2022-03-07T18:54:29.247322000Z,292716903,0.08092528,38045.9,2022-03-07T18:54:29.327668000Z,sell
coinbase-btc-usd-spot,2022-03-07T18:54:29.349442000Z,292716904,0.00187,38045.91,2022-03-07T18:54:29.476651000Z,sell
coinbase-btc-usd-spot,2022-03-07T18:54:29.358945000Z,292716905,0.00000239,38045.91,2022-03-07T18:54:29.476651000Z,sell
coinbase-btc-usd-spot,2022-03-07T18:54:29.358945000Z,292716906,0.038,38045.41,2022-03-07T18:54:29.476651000Z,sell
coinbase-btc-usd-spot,2022-03-07T18:54:29.396703000Z,292716907,0.005466,38040.57,2022-03-07T18:54:29.476651000Z,sell
coinbase-btc-usd-spot,2022-03-07T18:54:29.660087000Z,292716908,0.00125462,38043.27,2022-03-07T18:54:29.737730000Z,buy
coinbase-btc-usd-spot,2022-03-07T18:54:29.761004000Z,292716909,0.00041715,38043.27,2022-03-07T18:54:29.933320000Z,buy
coinbase-btc-usd-spot,2022-03-07T18:54:29.761004000Z,292716910,0.00167177,38043.28,2022-03-07T18:54:29.933320000Z,buy
coinbase-btc-usd-spot,2022-03-07T18:54:29.761004000Z,292716911,0.00167177,38043.29,2022-03-07T18:54:29.933320000Z,buy
coinbase-btc-usd-spot,2022-03-07T18:54:29.809201000Z,292716912,0.00167177,38046.54,2022-03-07T18:54:29.933320000Z,buy
coinbase-btc-usd-spot,2022-03-07T18:54:29.809201000Z,292716913,0.00084119,38051.13,2022-03-07T18:54:29.933320000Z,buy
coinbase-btc-usd-spot,2022-03-07T18:54:30.320623000Z,292716914,0.001,38050.78,2022-03-07T18:54:30.431983000Z,buy
coinbase-btc-usd-spot,2022-03-07T18:54:30.320623000Z,292716915,0.01730712,38050.79,2022-03-07T18:54:30.431983000Z,buy
coinbase-btc-usd-spot,2022-03-07T18:54:30.440730000Z,292716916,0.001,38051.1,2022-03-07T18:54:30.577766000Z,buy
coinbase-btc-usd-spot,2022-03-07T18:54:30.440730000Z,292716917,0.05,38052.85,2022-03-07T18:54:30.577766000Z,buy
coinbase-btc-usd-spot,2022-03-07T18:54:30.440730000Z,292716918,0.00864717,38052.86,2022-03-07T18:54:30.577766000Z,buy
coinbase-btc-usd-spot,2022-03-07T18:54:30.462313000Z,292716919,0.001,38052.85,2022-03-07T18:54:30.577766000Z,buy
coinbase-btc-usd-spot,2022-03-07T18:54:30.462313000Z,292716920,0.00451012,38053.89,2022-03-07T18:54:30.577766000Z,buy
coinbase-btc-usd-spot,2022-03-07T18:54:30.480964000Z,292716921,0.001,38053.88,2022-03-07T18:54:30.577766000Z,buy
coinbase-btc-usd-spot,2022-03-07T18:54:30.480964000Z,292716922,0.001,38053.89,2022-03-07T18:54:30.577766000Z,buy
coinbase-btc-usd-spot,2022-03-07T18:54:30.480964000Z,292716923,0.56,38054.22,2022-03-07T18:54:30.577766000Z,buy
coinbase-btc-usd-spot,2022-03-07T18:54:30.480964000Z,292716924,0.40060759,38054.39,2022-03-07T18:54:30.577766000Z,buy
coinbase-btc-usd-spot,2022-03-07T18:54:30.576535000Z,292716925,0.001,38052.83,2022-03-07T18:54:30.723300000Z,buy
coinbase-btc-usd-spot,2022-03-07T18:54:30.880320000Z,292716926,0.00023546,38052.82,2022-03-07T18:54:30.973524000Z,buy
coinbase-btc-usd-spot,2022-03-07T18:54:33.851794000Z,292716927,0.00013112,38049.49,2022-03-07T18:54:33.941469000Z,buy
coinbase-btc-usd-spot,2022-03-07T18:54:33.902059000Z,292716928,0.00253531,38046.45,2022-03-07T18:54:33.974641000Z,buy
coinbase-btc-usd-spot,2022-03-07T18:54:34.026404000Z,292716929,0.00159135,38046.45,2022-03-07T18:54:34.191588000Z,buy
coinbase-btc-usd-spot,2022-03-07T18:54:34.577523000Z,292716930,0.00251296,38046.45,2022-03-07T18:54:34.691588000Z,buy
coinbase-btc-usd-spot,2022-03-07T18:54:34.663978000Z,292716931,0.00065108,38046.45,2022-03-07T18:54:34.739155000Z,buy
coinbase-btc-usd-spot,2022-03-07T18:54:34.850853000Z,292716932,0.00135,38046.45,2022-03-07T18:54:34.942200000Z,buy
coinbase-btc-usd-spot,2022-03-07T18:54:34.990604000Z,292716933,0.00184695,38045.27,2022-03-07T18:54:35.077224000Z,sell
coinbase-btc-usd-spot,2022-03-07T18:54:34.990604000Z,292716934,0.00345098,38045.26,2022-03-07T18:54:35.077224000Z,sell
coinbase-btc-usd-spot,2022-03-07T18:54:35.010278000Z,292716935,0.00000319,38046.45,2022-03-07T18:54:35.077224000Z,buy
coinbase-btc-usd-spot,2022-03-07T18:54:35.010278000Z,292716936,0.00048053,38046.68,2022-03-07T18:54:35.077224000Z,buy
coinbase-btc-usd-spot,2022-03-07T18:54:35.041702000Z,292716937,0.00817,38046.68,2022-03-07T18:54:35.191933000Z,buy
coinbase-btc-usd-spot,2022-03-07T18:54:35.385240000Z,292716938,0.00000306,38046.68,2022-03-07T18:54:35.475125000Z,buy
coinbase-btc-usd-spot,2022-03-07T18:54:35.385240000Z,292716939,0.00023008,38049.49,2022-03-07T18:54:35.475125000Z,buy
coinbase-btc-usd-spot,2022-03-07T18:54:35.855056000Z,292716940,0.04705859,38046.56,2022-03-07T18:54:35.942693000Z,sell
coinbase-btc-usd-spot,2022-03-07T18:54:36.315238000Z,292716941,0.00048,38046.34,2022-03-07T18:54:36.443235000Z,buy
coinbase-btc-usd-spot,2022-03-07T18:54:36.456619000Z,292716942,0.00514849,38046.34,2022-03-07T18:54:36.579408000Z,buy
coinbase-btc-usd-spot,2022-03-07T18:54:36.461228000Z,292716943,0.00010484,38046.34,2022-03-07T18:54:36.579408000Z,buy
coinbase-btc-usd-spot,2022-03-07T18:54:36.761157000Z,292716944,0.00291686,38046.34,2022-03-07T18:54:36.829265000Z,buy
coinbase-btc-usd-spot,2022-03-07T18:54:36.761157000Z,292716945,0.02221305,38046.45,2022-03-07T18:54:36.829265000Z,buy
coinbase-btc-usd-spot,2022-03-07T18:54:36.801239000Z,292716946,0.17429567,38046.45,2022-03-07T18:54:36.947799000Z,buy
coinbase-btc-usd-spot,2022-03-07T18:54:36.813248000Z,292716947,0.00376944,38046.45,2022-03-07T18:54:36.947799000Z,buy
coinbase-btc-usd-spot,2022-03-07T18:54:36.893891000Z,292716948,0.00400564,38046.34,2022-03-07T18:54:36.975914000Z,buy
coinbase-btc-usd-spot,2022-03-07T18:54:36.893891000Z,292716949,0.23018666,38046.45,2022-03-07T18:54:36.975914000Z,buy
coinbase-btc-usd-spot,2022-03-07T18:54:36.924045000Z,292716950,0.00218288,38044.85,2022-03-07T18:54:36.992431000Z,sell
coinbase-btc-usd-spot,2022-03-07T18:54:36.999896000Z,292716951,0.00417803,38046.45,2022-03-07T18:54:37.082384000Z,buy
coinbase-btc-usd-spot,2022-03-07T18:54:37.084482000Z,292716952,0.001,38046.41,2022-03-07T18:54:37.197609000Z,buy
coinbase-btc-usd-spot,2022-03-07T18:54:37.084482000Z,292716953,0.00311287,38046.42,2022-03-07T18:54:37.197609000Z,buy
coinbase-btc-usd-spot,2022-03-07T18:54:37.106849000Z,292716954,0.03694951,38046.34,2022-03-07T18:54:37.197609000Z,buy
coinbase-btc-usd-spot,2022-03-07T18:54:37.118792000Z,292716955,0.03270445,38046.34,2022-03-07T18:54:37.197609000Z,buy
coinbase-btc-usd-spot,2022-03-07T18:54:37.126789000Z,292716956,0.001,38046.4,2022-03-07T18:54:37.197609000Z,buy
coinbase-btc-usd-spot,2022-03-07T18:54:37.126789000Z,292716957,0.001,38046.41,2022-03-07T18:54:37.197609000Z,buy
coinbase-btc-usd-spot,2022-03-07T18:54:37.126789000Z,292716958,0.001,38046.44,2022-03-07T18:54:37.197609000Z,buy
coinbase-btc-usd-spot,2022-03-07T18:54:37.130791000Z,292716959,1.41134619,38046.45,2022-03-07T18:54:37.226827000Z,buy
coinbase-btc-usd-spot,2022-03-07T18:54:37.137618000Z,292716960,1.75623881,38046.45,2022-03-07T18:54:37.226827000Z,buy
coinbase-btc-usd-spot,2022-03-07T18:54:37.185212000Z,292716961,0.001,38049.48,2022-03-07T18:54:37.331949000Z,buy
coinbase-btc-usd-spot,2022-03-07T18:54:37.333778000Z,292716962,0.00049437,38049.49,2022-03-07T18:54:37.447444000Z,buy
coinbase-btc-usd-spot,2022-03-07T18:54:37.500432000Z,292716963,0.02693945,38048.53,2022-03-07T18:54:37.581923000Z,sell
coinbase-btc-usd-spot,2022-03-07T18:54:37.500432000Z,292716964,0.00131068,38048.28,2022-03-07T18:54:37.581923000Z,sell
coinbase-btc-usd-spot,2022-03-07T18:54:37.500432000Z,292716965,0.00279287,38048.27,2022-03-07T18:54:37.581923000Z,sell
coinbase-btc-usd-spot,2022-03-07T18:54:37.500432000Z,292716966,0.00131068,38048.26,2022-03-07T18:54:37.581923000Z,sell
coinbase-btc-usd-spot,2022-03-07T18:54:37.500432000Z,292716967,0.00279287,38048.25,2022-03-07T18:54:37.581923000Z,sell
coinbase-btc-usd-spot,2022-03-07T18:54:37.500432000Z,292716968,0.02305196,38048.25,2022-03-07T18:54:37.581923000Z,sell
coinbase-btc-usd-spot,2022-03-07T18:54:37.500432000Z,292716969,0.00131068,38048.24,2022-03-07T18:54:37.581923000Z,sell
coinbase-btc-usd-spot,2022-03-07T18:54:37.500432000Z,292716970,0.00279287,38048.24,2022-03-07T18:54:37.581923000Z,sell
coinbase-btc-usd-spot,2022-03-07T18:54:37.500432000Z,292716971,0.02742717,38048.23,2022-03-07T18:54:37.581923000Z,sell
coinbase-btc-usd-spot,2022-03-07T18:54:37.500432000Z,292716972,0.31876084,38048.23,2022-03-07T18:54:37.581923000Z,sell
coinbase-btc-usd-spot,2022-03-07T18:54:37.553601000Z,292716973,0.00073236,38049.49,2022-03-07T18:54:37.698134000Z,buy
coinbase-btc-usd-spot,2022-03-07T18:54:37.762288000Z,292716974,0.00188274,38049.49,2022-03-07T18:54:37.831897000Z,buy
coinbase-btc-usd-spot,2022-03-07T18:54:37.897697000Z,292716975,0.02626178,38049.48,2022-03-07T18:54:37.977232000Z,sell
coinbase-btc-usd-spot,2022-03-07T18:54:39.294602000Z,292716976,0.00186,38046.6,2022-03-07T18:54:39.450383000Z,buy
coinbase-btc-usd-spot,2022-03-07T18:54:40.274865000Z,292716977,0.01152598,38046.93,2022-03-07T18:54:40.478126000Z,buy
coinbase-btc-usd-spot,2022-03-07T18:54:40.274865000Z,292716978,0.00861123,38046.94,2022-03-07T18:54:40.478126000Z,buy
coinbase-btc-usd-spot,2022-03-07T18:54:40.274865000Z,292716979,0.00665065,38048.96,2022-03-07T18:54:40.478126000Z,buy
coinbase-btc-usd-spot,2022-03-07T18:54:40.274865000Z,292716980,0.04052448,38048.96,2022-03-07T18:54:40.478126000Z,buy
coinbase-btc-usd-spot,2022-03-07T18:54:40.274865000Z,292716981,0.01869122,38048.96,2022-03-07T18:54:40.478126000Z,buy
coinbase-btc-usd-spot,2022-03-07T18:54:40.274865000Z,292716982,0.18283284,38048.96,2022-03-07T18:54:40.478126000Z,buy
coinbase-btc-usd-spot,2022-03-07T18:54:40.274865000Z,292716983,0.05762254,38048.96,2022-03-07T18:54:40.478126000Z,buy
coinbase-btc-usd-spot,2022-03-07T18:54:40.491067000Z,292716984,0.00119999,38046.99,2022-03-07T18:54:40.584380000Z,sell
coinbase-btc-usd-spot,2022-03-07T18:54:40.491067000Z,292716985,0.00119999,38046.98,2022-03-07T18:54:40.584380000Z,sell
coinbase-btc-usd-spot,2022-03-07T18:54:40.491067000Z,292716986,0.00749054,38046.97,2022-03-07T18:54:40.584380000Z,sell
coinbase-btc-usd-spot,2022-03-07T18:54:42.164332000Z,292716987,0.00099382,38046.89,2022-03-07T18:54:42.245209000Z,buy
coinbase-btc-usd-spot,2022-03-07T18:54:42.275864000Z,292716988,0.00765763,38046.89,2022-03-07T18:54:42.453653000Z,buy
coinbase-btc-usd-spot,2022-03-07T18:54:42.275864000Z,292716989,0.0163644,38046.89,2022-03-07T18:54:42.453653000Z,buy
coinbase-btc-usd-spot,2022-03-07T18:54:42.275864000Z,292716990,0.00865462,38046.89,2022-03-07T18:54:42.453653000Z,buy
coinbase-btc-usd-spot,2022-03-07T18:54:42.275864000Z,292716991,0.0345637,38046.94,2022-03-07T18:54:42.453653000Z,buy
coinbase-btc-usd-spot,2022-03-07T18:54:42.559037000Z,292716992,0.00107245,38046.89,2022-03-07T18:54:42.703518000Z,buy
coinbase-btc-usd-spot,2022-03-07T18:54:42.803510000Z,292716993,0.00047036,38046.89,2022-03-07T18:54:42.954550000Z,buy
coinbase-btc-usd-spot,2022-03-07T18:54:42.803510000Z,292716994,0.00548176,38046.89,2022-03-07T18:54:42.954550000Z,buy
coinbase-btc-usd-spot,2022-03-07T18:54:43.604551000Z,292716995,0.00014792,38046.89,2022-03-07T18:54:43.729828000Z,buy
coinbase-btc-usd-spot,2022-03-07T18:54:43.604551000Z,292716996,0.0003361,38046.89,2022-03-07T18:54:43.729828000Z,buy
coinbase-btc-usd-spot,2022-03-07T18:54:43.897282000Z,292716997,0.00007866,38046.89,2022-03-07T18:54:43.979814000Z,buy
coinbase-btc-usd-spot,2022-03-07T18:54:43.914773000Z,292716998,0.00010206,38046.89,2022-03-07T18:54:43.997117000Z,buy
coinbase-btc-usd-spot,2022-03-07T18:54:43.914773000Z,292716999,0.00030417,38046.89,2022-03-07T18:54:43.997117000Z,buy
coinbase-btc-usd-spot,2022-03-07T18:54:43.914773000Z,292717000,0.00077081,38047.03,2022-03-07T18:54:43.997117000Z,buy
coinbase-btc-usd-spot,2022-03-07T18:54:44.012755000Z,292717001,0.00013365,38046.93,2022-03-07T18:54:44.086128000Z,sell
coinbase-btc-usd-spot,2022-03-07T18:54:44.192919000Z,292717002,0.00788173,38047.03,2022-03-07T18:54:44.336157000Z,buy
coinbase-btc-usd-spot,2022-03-07T18:54:44.210087000Z,292717003,0.00865,38047.57,2022-03-07T18:54:44.336157000Z,buy
coinbase-btc-usd-spot,2022-03-07T18:54:44.749368000Z,292717004,0.00000139,38047.57,2022-03-07T18:54:44.836649000Z,buy
coinbase-btc-usd-spot,2022-03-07T18:54:44.749368000Z,292717005,0.02620861,38048.96,2022-03-07T18:54:44.836649000Z,buy
coinbase-btc-usd-spot,2022-03-07T18:54:44.867442000Z,292717006,0.00054519,38048.97,2022-03-07T18:54:44.955246000Z,sell
coinbase-btc-usd-spot,2022-03-07T18:54:45.444897000Z,292717007,0.00263981,38049.47,2022-03-07T18:54:45.587526000Z,buy
coinbase-btc-usd-spot,2022-03-07T18:54:45.757774000Z,292717008,0.00002894,38049.01,2022-03-07T18:54:45.837260000Z,buy
coinbase-btc-usd-spot,2022-03-07T18:54:46.894335000Z,292717009,0.00119999,38046.47,2022-03-07T18:54:46.980986000Z,sell
coinbase-btc-usd-spot,2022-03-07T18:54:46.894335000Z,292717010,0.00744669,38046.47,2022-03-07T18:54:46.980986000Z,sell
coinbase-btc-usd-spot,2022-03-07T18:54:47.403900000Z,292717011,0.0007869,38047.96,2022-03-07T18:54:47.481480000Z,buy
coinbase-btc-usd-spot,2022-03-07T18:54:47.529687000Z,292717012,0.00023622,38047.96,2022-03-07T18:54:47.588430000Z,buy
coinbase-btc-usd-spot,2022-03-07T18:54:47.662998000Z,292717013,0.00377199,38047.96,2022-03-07T18:54:47.731354000Z,buy
coinbase-btc-usd-spot,2022-03-07T18:54:47.696189000Z,292717014,0.0038543,38047.96,2022-03-07T18:54:47.838630000Z,buy
coinbase-btc-usd-spot,2022-03-07T18:54:47.696189000Z,292717015,0.0032157,38047.96,2022-03-07T18:54:47.838630000Z,buy
coinbase-btc-usd-spot,2022-03-07T18:54:47.909225000Z,292717016,0.003905,38047.47,2022-03-07T18:54:48.000309000Z,sell
coinbase-btc-usd-spot,2022-03-07T18:54:47.909225000Z,292717017,0.00474967,38047.46,2022-03-07T18:54:48.000309000Z,sell
coinbase-btc-usd-spot,2022-03-07T18:54:47.921985000Z,292717018,0.00865371,38049.52,2022-03-07T18:54:48.000309000Z,buy
coinbase-btc-usd-spot,2022-03-07T18:54:48.450094000Z,292717019,0.00131093,38055.26,2022-03-07T18:54:48.590995000Z,buy
coinbase-btc-usd-spot,2022-03-07T18:54:48.450094000Z,292717020,0.01806885,38055.28,2022-03-07T18:54:48.590995000Z,buy
coinbase-btc-usd-spot,2022-03-07T18:54:48.552318000Z,292717021,0.001,38055.27,2022-03-07T18:54:48.710086000Z,buy
coinbase-btc-usd-spot,2022-03-07T18:54:48.552318000Z,292717022,0.1,38055.78,2022-03-07T18:54:48.710086000Z,buy
coinbase-btc-usd-spot,2022-03-07T18:54:48.552318000Z,292717023,0.1,38055.79,2022-03-07T18:54:48.710086000Z,buy
coinbase-btc-usd-spot,2022-03-07T18:54:48.552318000Z,292717024,0.48293483,38055.81,2022-03-07T18:54:48.710086000Z,buy
coinbase-btc-usd-spot,2022-03-07T18:54:48.584988000Z,292717025,0.038,38057.17,2022-03-07T18:54:48.710086000Z,buy
coinbase-btc-usd-spot,2022-03-07T18:54:48.584988000Z,292717026,0.25463865,38058.76,2022-03-07T18:54:48.710086000Z,buy
coinbase-btc-usd-spot,2022-03-07T18:54:48.601712000Z,292717027,0.149456,38058.76,2022-03-07T18:54:48.710086000Z,buy
coinbase-btc-usd-spot,2022-03-07T18:54:48.650059000Z,292717028,0.0952734,38058.76,2022-03-07T18:54:48.750338000Z,buy
coinbase-btc-usd-spot,2022-03-07T18:54:48.650059000Z,292717029,0.1701491,38059.61,2022-03-07T18:54:48.750338000Z,buy
coinbase-btc-usd-spot,2022-03-07T18:54:48.678867000Z,292717030,0.22028821,38059.61,2022-03-07T18:54:48.750338000Z,buy
coinbase-btc-usd-spot,2022-03-07T18:54:48.696712000Z,292717031,0.00304079,38059.6,2022-03-07T18:54:48.841069000Z,buy
coinbase-btc-usd-spot,2022-03-07T18:54:48.696712000Z,292717032,0.09121838,38059.61,2022-03-07T18:54:48.841069000Z,buy
coinbase-btc-usd-spot,2022-03-07T18:54:48.696712000Z,292717033,0.46429373,38060.46,2022-03-07T18:54:48.841069000Z,buy
coinbase-btc-usd-spot,2022-03-07T18:54:48.696712000Z,292717034,0.30169036,38060.76,2022-03-07T18:54:48.841069000Z,buy
coinbase-btc-usd-spot,2022-03-07T18:54:48.783451000Z,292717035,0.00212,38060.44,2022-03-07T18:54:48.983654000Z,buy
coinbase-btc-usd-spot,2022-03-07T18:54:48.792686000Z,292717036,0.00000855,38060.44,2022-03-07T18:54:48.983654000Z,buy
coinbase-btc-usd-spot,2022-03-07T18:54:48.826828000Z,292717037,0.00148999,38060.44,2022-03-07T18:54:48.983654000Z,buy
coinbase-btc-usd-spot,2022-03-07T18:54:48.896253000Z,292717038,0.00119999,38060.42,2022-03-07T18:54:48.983654000Z,buy
coinbase-btc-usd-spot,2022-03-07T18:54:48.896253000Z,292717039,0.00148999,38060.43,2022-03-07T18:54:48.983654000Z,buy
coinbase-btc-usd-spot,2022-03-07T18:54:48.896343000Z,292717040,0.0027335,38060.03,2022-03-07T18:54:48.983654000Z,sell
coinbase-btc-usd-spot,2022-03-07T18:54:48.896343000Z,292717041,0.0027335,38060.02,2022-03-07T18:54:48.983654000Z,sell
coinbase-btc-usd-spot,2022-03-07T18:54:48.896343000Z,292717042,0.0027335,38060.01,2022-03-07T18:54:48.983654000Z,sell
coinbase-btc-usd-spot,2022-03-07T18:54:48.896343000Z,292717043,0.00044574,38060,2022-03-07T18:54:48.983654000Z,sell
coinbase-btc-usd-spot,2022-03-07T18:54:49.232504000Z,292717044,0.00008447,38066.89,2022-03-07T18:54:49.342722000Z,buy
coinbase-btc-usd-spot,2022-03-07T18:54:49.555647000Z,292717045,0.001,38060.28,2022-03-07T18:54:49.733691000Z,sell
coinbase-btc-usd-spot,2022-03-07T18:54:49.555647000Z,292717046,0.00047529,38060.24,2022-03-07T18:54:49.733691000Z,sell
coinbase-btc-usd-spot,2022-03-07T18:54:49.901120000Z,292717047,0.001,38060.26,2022-03-07T18:54:49.984867000Z,sell
coinbase-btc-usd-spot,2022-03-07T18:54:49.901120000Z,292717048,0.001,38060.25,2022-03-07T18:54:49.984867000Z,sell
coinbase-btc-usd-spot,2022-03-07T18:54:49.901120000Z,292717049,0.006657,38057.91,2022-03-07T18:54:49.984867000Z,sell
coinbase-btc-usd-spot,2022-03-07T18:54:50.067740000Z,292717050,0.00251207,38064.26,2022-03-07T18:54:50.234360000Z,buy
coinbase-btc-usd-spot,2022-03-07T18:54:50.382222000Z,292717051,0.00119999,38064,2022-03-07T18:54:50.484774000Z,buy
coinbase-btc-usd-spot,2022-03-07T18:54:50.382222000Z,292717052,0.0013369,38064.01,2022-03-07T18:54:50.484774000Z,buy
coinbase-btc-usd-spot,2022-03-07T18:54:50.895036000Z,292717053,0.00865516,38055.64,2022-03-07T18:54:50.985494000Z,sell
coinbase-btc-usd-spot,2022-03-07T18:54:51.898226000Z,292717054,0.0086489,38055.3,2022-03-07T18:54:51.985482000Z,sell
coinbase-btc-usd-spot,2022-03-07T18:54:52.169936000Z,292717055,0.00107591,38055.38,2022-03-07T18:54:52.252918000Z,sell
coinbase-btc-usd-spot,2022-03-07T18:54:54.564907000Z,292717056,0.1,38053.25,2022-03-07T18:54:54.736586000Z,sell
coinbase-btc-usd-spot,2022-03-07T18:54:54.564907000Z,292717057,0.03156902,38053.25,2022-03-07T18:54:54.736586000Z,sell
coinbase-btc-usd-spot,2022-03-07T18:54:55.511853000Z,292717058,0.00048405,38053.56,2022-03-07T18:54:55.596558000Z,buy
coinbase-btc-usd-spot,2022-03-07T18:54:56.269380000Z,292717059,0.00266919,38048.45,2022-03-07T18:54:56.346905000Z,sell
coinbase-btc-usd-spot,2022-03-07T18:54:56.269380000Z,292717060,0.00116097,38048.44,2022-03-07T18:54:56.346905000Z,sell
coinbase-btc-usd-spot,2022-03-07T18:54:56.383650000Z,292717061,0.00576299,38048.97,2022-03-07T18:54:56.487385000Z,buy
coinbase-btc-usd-spot,2022-03-07T18:54:56.383650000Z,292717062,0.0035679,38048.98,2022-03-07T18:54:56.487385000Z,buy
coinbase-btc-usd-spot,2022-03-07T18:54:56.387676000Z,292717063,0.00061475,38048.98,2022-03-07T18:54:56.487385000Z,buy
coinbase-btc-usd-spot,2022-03-07T18:54:57.029116000Z,292717064,0.00004178,38048.98,2022-03-07T18:54:57.097830000Z,buy
coinbase-btc-usd-spot,2022-03-07T18:54:57.041850000Z,292717065,0.00408372,38048.98,2022-03-07T18:54:57.237680000Z,buy
coinbase-btc-usd-spot,2022-03-07T18:54:57.164996000Z,292717066,0.00125552,38053.05,2022-03-07T18:54:57.237680000Z,buy
coinbase-btc-usd-spot,2022-03-07T18:54:57.242952000Z,292717067,0.00530967,38048.59,2022-03-07T18:54:57.347699000Z,sell
coinbase-btc-usd-spot,2022-03-07T18:54:57.403789000Z,292717068,0.00667096,38048.59,2022-03-07T18:54:57.488217000Z,sell
coinbase-btc-usd-spot,2022-03-07T18:54:58.129261000Z,292717069,0.00262421,38049.56,2022-03-07T18:54:58.238155000Z,buy
coinbase-btc-usd-spot,2022-03-07T18:54:58.204031000Z,292717070,0.00525656,38048.59,2022-03-07T18:54:58.347764000Z,sell
coinbase-btc-usd-spot,2022-03-07T18:54:58.514531000Z,292717071,0.00119999,38049.16,2022-03-07T18:54:58.597993000Z,buy
coinbase-btc-usd-spot,2022-03-07T18:54:58.514531000Z,292717072,0.00005508,38049.17,2022-03-07T18:54:58.597993000Z,buy
coinbase-btc-usd-spot,2022-03-07T18:54:58.946863000Z,292717073,0.03276281,38048.59,2022-03-07T18:54:59.098042000Z,sell
coinbase-btc-usd-spot,2022-03-07T18:54:58.946863000Z,292717074,0.0939596,38048.58,2022-03-07T18:54:59.098042000Z,sell
coinbase-btc-usd-spot,2022-03-07T18:54:58.968558000Z,292717075,0.00253706,38049.55,2022-03-07T18:54:59.098042000Z,buy
coinbase-btc-usd-spot,2022-03-07T18:54:59.124320000Z,292717076,0.00125507,38049.21,2022-03-07T18:54:59.238794000Z,buy
coinbase-btc-usd-spot,2022-03-07T18:54:59.412956000Z,292717077,0.01508893,38048.95,2022-03-07T18:54:59.488769000Z,buy
coinbase-btc-usd-spot,2022-03-07T18:54:59.610219000Z,292717078,0.00189667,38045.35,2022-03-07T18:54:59.739174000Z,sell
coinbase-btc-usd-spot,2022-03-07T18:54:59.610219000Z,292717079,0.03079223,38044.98,2022-03-07T18:54:59.739174000Z,sell
coinbase-btc-usd-spot,2022-03-07T18:54:59.610219000Z,292717080,0.0023111,38044.97,2022-03-07T18:54:59.739174000Z,sell
coinbase-btc-usd-spot,2022-03-07T18:54:59.675793000Z,292717081,0.00251387,38048.56,2022-03-07T18:54:59.759012000Z,buy
coinbase-btc-usd-spot,2022-03-07T18:54:59.823190000Z,292717082,0.00132767,38045,2022-03-07T18:54:59.989243000Z,sell
coinbase-btc-usd-spot,2022-03-07T18:54:59.823190000Z,292717083,0.02397078,38044.97,2022-03-07T18:54:59.989243000Z,sell
coinbase-btc-usd-spot,2022-03-07T18:54:59.823190000Z,292717084,0.00139793,38044.96,2022-03-07T18:54:59.989243000Z,sell
coinbase-btc-usd-spot,2022-03-07T18:55:00.090199000Z,292717085,0.0133918,38049.1,2022-03-07T18:55:00.239362000Z,buy
coinbase-btc-usd-spot,2022-03-07T18:55:00.090199000Z,292717086,0.00161297,38049.16,2022-03-07T18:55:00.239362000Z,buy
coinbase-btc-usd-spot,2022-03-07T18:55:00.090199000Z,292717087,0.01076285,38049.17,2022-03-07T18:55:00.239362000Z,buy
coinbase-btc-usd-spot,2022-03-07T18:55:00.133371000Z,292717088,0.0050266,38049.17,2022-03-07T18:55:00.239362000Z,buy
coinbase-btc-usd-spot,2022-03-07T18:55:00.394934000Z,292717089,0.23752965,38045.02,2022-03-07T18:55:00.489523000Z,sell
coinbase-btc-usd-spot,2022-03-07T18:55:00.410291000Z,292717090,0.15564739,38045.02,2022-03-07T18:55:00.489523000Z,sell
coinbase-btc-usd-spot,2022-03-07T18:55:00.441306000Z,292717091,0.02628188,38044.97,2022-03-07T18:55:00.509893000Z,sell
coinbase-btc-usd-spot,2022-03-07T18:55:00.441306000Z,292717092,0.56,38043.55,2022-03-07T18:55:00.509893000Z,sell
coinbase-btc-usd-spot,2022-03-07T18:55:00.441306000Z,292717093,0.294032,38043.5,2022-03-07T18:55:00.509893000Z,sell
coinbase-btc-usd-spot,2022-03-07T18:55:00.441306000Z,292717094,0.3050879,38043.46,2022-03-07T18:55:00.509893000Z,sell
coinbase-btc-usd-spot,2022-03-07T18:55:00.445126000Z,292717095,0.19352323,38043.46,2022-03-07T18:55:00.600737000Z,sell
coinbase-btc-usd-spot,2022-03-07T18:55:00.449085000Z,292717096,0.35756286,38042.61,2022-03-07T18:55:00.600737000Z,sell
coinbase-btc-usd-spot,2022-03-07T18:55:00.453096000Z,292717097,0.09089021,38042.61,2022-03-07T18:55:00.600737000Z,sell
coinbase-btc-usd-spot,2022-03-07T18:55:00.465321000Z,292717098,0.02628188,38044.97,2022-03-07T18:55:00.600737000Z,sell
coinbase-btc-usd-spot,2022-03-07T18:55:00.465321000Z,292717099,0.03496119,38042.61,2022-03-07T18:55:00.600737000Z,sell
coinbase-btc-usd-spot,2022-03-07T18:55:00.465321000Z,292717100,0.1,38042.53,2022-03-07T18:55:00.600737000Z,sell
coinbase-btc-usd-spot,2022-03-07T18:55:00.465321000Z,292717101,0.18121448,38042.01,2022-03-07T18:55:00.600737000Z,sell
coinbase-btc-usd-spot,2022-03-07T18:55:00.474385000Z,292717102,0.31355941,38042.01,2022-03-07T18:55:00.600737000Z,sell
coinbase-btc-usd-spot,2022-03-07T18:55:00.474385000Z,292717103,0.45991668,38041.76,2022-03-07T18:55:00.600737000Z,sell
coinbase-btc-usd-spot,2022-03-07T18:55:00.489834000Z,292717104,0.00119999,38042.02,2022-03-07T18:55:00.600737000Z,sell
coinbase-btc-usd-spot,2022-03-07T18:55:00.514744000Z,292717105,0.00119999,38040.23,2022-03-07T18:55:00.600737000Z,sell
coinbase-btc-usd-spot,2022-03-07T18:55:00.514744000Z,292717106,0.13141402,38040.22,2022-03-07T18:55:00.600737000Z,sell
coinbase-btc-usd-spot,2022-03-07T18:55:00.583491000Z,292717107,0.00119999,38040.23,2022-03-07T18:55:00.740204000Z,sell
coinbase-btc-usd-spot,2022-03-07T18:55:00.589459000Z,292717108,0.002512,38040.24,2022-03-07T18:55:00.740204000Z,buy
coinbase-btc-usd-spot,2022-03-07T18:55:00.620337000Z,292717109,0.00119999,38040.02,2022-03-07T18:55:00.740204000Z,sell
coinbase-btc-usd-spot,2022-03-07T18:55:00.620337000Z,292717110,0.00895083,38039.72,2022-03-07T18:55:00.740204000Z,sell
coinbase-btc-usd-spot,2022-03-07T18:55:00.766398000Z,292717111,0.02628,38040.22,2022-03-07T18:55:00.851052000Z,sell
coinbase-btc-usd-spot,2022-03-07T18:55:00.784456000Z,292717112,0.00000516,38040.22,2022-03-07T18:55:00.989508000Z,sell
coinbase-btc-usd-spot,2022-03-07T18:55:01.578112000Z,292717113,0.00515034,38038.01,2022-03-07T18:55:01.739749000Z,buy
coinbase-btc-usd-spot,2022-03-07T18:55:01.719493000Z,292717114,0.00035509,38038,2022-03-07T18:55:01.850123000Z,sell
coinbase-btc-usd-spot,2022-03-07T18:55:01.773256000Z,292717115,0.02245966,38038.01,2022-03-07T18:55:01.990088000Z,buy
coinbase-btc-usd-spot,2022-03-07T18:55:01.773256000Z,292717116,0.0029106,38038.01,2022-03-07T18:55:01.990088000Z,buy
coinbase-btc-usd-spot,2022-03-07T18:55:01.790229000Z,292717117,0.00323363,38038.62,2022-03-07T18:55:01.990088000Z,sell
coinbase-btc-usd-spot,2022-03-07T18:55:01.877925000Z,292717118,0.00203742,38040.21,2022-03-07T18:55:01.990088000Z,buy
coinbase-btc-usd-spot,2022-03-07T18:55:01.877925000Z,292717119,0.0029106,38040.22,2022-03-07T18:55:01.990088000Z,buy
coinbase-btc-usd-spot,2022-03-07T18:55:02.198166000Z,292717120,0.00048372,38042.49,2022-03-07T18:55:02.264954000Z,buy
coinbase-btc-usd-spot,2022-03-07T18:55:02.933293000Z,292717121,0.00467598,38044.89,2022-03-07T18:55:03.015498000Z,buy
coinbase-btc-usd-spot,2022-03-07T18:55:02.933293000Z,292717122,0.00119999,38045.87,2022-03-07T18:55:03.015498000Z,buy
coinbase-btc-usd-spot,2022-03-07T18:55:02.933293000Z,292717123,0.00119999,38045.88,2022-03-07T18:55:03.015498000Z,buy
coinbase-btc-usd-spot,2022-03-07T18:55:02.933293000Z,292717124,0.00119999,38045.89,2022-03-07T18:55:03.015498000Z,buy
coinbase-btc-usd-spot,2022-03-07T18:55:02.933293000Z,292717125,0.02628853,38045.93,2022-03-07T18:55:03.015498000Z,buy
coinbase-btc-usd-spot,2022-03-07T18:55:02.996820000Z,292717126,0.00119999,38045.88,2022-03-07T18:55:03.101756000Z,buy
coinbase-btc-usd-spot,2022-03-07T18:55:02.996820000Z,292717127,0.00262665,38047.68,2022-03-07T18:55:03.101756000Z,buy
coinbase-btc-usd-spot,2022-03-07T18:55:02.996820000Z,292717128,0.1,38047.68,2022-03-07T18:55:03.101756000Z,buy
coinbase-btc-usd-spot,2022-03-07T18:55:03.021728000Z,292717129,0.00183866,38047.68,2022-03-07T18:55:03.101756000Z,buy
coinbase-btc-usd-spot,2022-03-07T18:55:03.021728000Z,292717130,0.00262665,38047.69,2022-03-07T18:55:03.101756000Z,buy
coinbase-btc-usd-spot,2022-03-07T18:55:03.021728000Z,292717131,0.00262665,38047.71,2022-03-07T18:55:03.101756000Z,buy
coinbase-btc-usd-spot,2022-03-07T18:55:03.021728000Z,292717132,0.00262665,38047.72,2022-03-07T18:55:03.101756000Z,buy
coinbase-btc-usd-spot,2022-03-07T18:55:03.021728000Z,292717133,0.08374316,38048.66,2022-03-07T18:55:03.101756000Z,buy
coinbase-btc-usd-spot,2022-03-07T18:55:03.159671000Z,292717134,0.01625684,38048.66,2022-03-07T18:55:03.240665000Z,buy
coinbase-btc-usd-spot,2022-03-07T18:55:03.197078000Z,292717135,0.00018987,38049.56,2022-03-07T18:55:03.350999000Z,buy
coinbase-btc-usd-spot,2022-03-07T18:55:03.466240000Z,292717136,0.001,38050.1,2022-03-07T18:55:03.601017000Z,buy
coinbase-btc-usd-spot,2022-03-07T18:55:03.466240000Z,292717137,0.00070013,38050.1,2022-03-07T18:55:03.601017000Z,buy
coinbase-btc-usd-spot,2022-03-07T18:55:03.530473000Z,292717138,0.00029987,38050.1,2022-03-07T18:55:03.601017000Z,buy
coinbase-btc-usd-spot,2022-03-07T18:55:03.530473000Z,292717139,0.00614212,38050.11,2022-03-07T18:55:03.601017000Z,buy
coinbase-btc-usd-spot,2022-03-07T18:55:03.672928000Z,292717140,0.01030156,38050.11,2022-03-07T18:55:03.740666000Z,buy
coinbase-btc-usd-spot,2022-03-07T18:55:03.782583000Z,292717141,0.01093435,38048.18,2022-03-07T18:55:03.852577000Z,sell
coinbase-btc-usd-spot,2022-03-07T18:55:04.055861000Z,292717142,0.00023554,38051.79,2022-03-07T18:55:04.242388000Z,buy
coinbase-btc-usd-spot,2022-03-07T18:55:04.601154000Z,292717143,0.00104492,38051.79,2022-03-07T18:55:04.742355000Z,buy
coinbase-btc-usd-spot,2022-03-07T18:55:04.797465000Z,292717144,0.00168234,38049.67,2022-03-07T18:55:04.993010000Z,sell
coinbase-btc-usd-spot,2022-03-07T18:55:04.797465000Z,292717145,0.00337692,38049.64,2022-03-07T18:55:04.993010000Z,sell
coinbase-btc-usd-spot,2022-03-07T18:55:04.797465000Z,292717146,0.00337692,38049.62,2022-03-07T18:55:04.993010000Z,sell
coinbase-btc-usd-spot,2022-03-07T18:55:04.797465000Z,292717147,0.00271001,38049.61,2022-03-07T18:55:04.993010000Z,sell
coinbase-btc-usd-spot,2022-03-07T18:55:04.853398000Z,292717148,0.001,38049.66,2022-03-07T18:55:04.993010000Z,sell
coinbase-btc-usd-spot,2022-03-07T18:55:04.853398000Z,292717149,0.00343207,38049.66,2022-03-07T18:55:04.993010000Z,sell
coinbase-btc-usd-spot,2022-03-07T18:55:04.853398000Z,292717150,0.00168234,38049.65,2022-03-07T18:55:04.993010000Z,sell
coinbase-btc-usd-spot,2022-03-07T18:55:04.853398000Z,292717151,0.00343207,38049.63,2022-03-07T18:55:04.993010000Z,sell
coinbase-btc-usd-spot,2022-03-07T18:55:04.853398000Z,292717152,0.00168234,38049.63,2022-03-07T18:55:04.993010000Z,sell
coinbase-btc-usd-spot,2022-03-07T18:55:04.853398000Z,292717153,0.001,38049.62,2022-03-07T18:55:04.993010000Z,sell
coinbase-btc-usd-spot,2022-03-07T18:55:04.853398000Z,292717154,0.00343207,38049.62,2022-03-07T18:55:04.993010000Z,sell
coinbase-btc-usd-spot,2022-03-07T18:55:04.853398000Z,292717155,0.00117764,38049.62,2022-03-07T18:55:04.993010000Z,sell
coinbase-btc-usd-spot,2022-03-07T18:55:04.853398000Z,292717156,0.00066691,38049.61,2022-03-07T18:55:04.993010000Z,sell
coinbase-btc-usd-spot,2022-03-07T18:55:04.853398000Z,292717157,0.00337692,38049.6,2022-03-07T18:55:04.993010000Z,sell
coinbase-btc-usd-spot,2022-03-07T18:55:04.877483000Z,292717158,0.00377204,38051.79,2022-03-07T18:55:04.993010000Z,buy
coinbase-btc-usd-spot,2022-03-07T18:55:05.001926000Z,292717159,0.001,38049.66,2022-03-07T18:55:05.106266000Z,sell
coinbase-btc-usd-spot,2022-03-07T18:55:05.001926000Z,292717160,0.001,38049.66,2022-03-07T18:55:05.106266000Z,sell
coinbase-btc-usd-spot,2022-03-07T18:55:05.001926000Z,292717161,0.00595942,38049.65,2022-03-07T18:55:05.106266000Z,sell
coinbase-btc-usd-spot,2022-03-07T18:55:05.001926000Z,292717162,0.00119999,38049.63,2022-03-07T18:55:05.106266000Z,sell
coinbase-btc-usd-spot,2022-03-07T18:55:05.001926000Z,292717163,0.001,38049.63,2022-03-07T18:55:05.106266000Z,sell
coinbase-btc-usd-spot,2022-03-07T18:55:05.001926000Z,292717164,0.001,38049.62,2022-03-07T18:55:05.106266000Z,sell
coinbase-btc-usd-spot,2022-03-07T18:55:05.080420000Z,292717165,0.001,38049.68,2022-03-07T18:55:05.242643000Z,sell
coinbase-btc-usd-spot,2022-03-07T18:55:05.080420000Z,292717166,0.00119999,38049.67,2022-03-07T18:55:05.242643000Z,sell
coinbase-btc-usd-spot,2022-03-07T18:55:05.223368000Z,292717167,0.00002614,38049.9,2022-03-07T18:55:05.353917000Z,buy
coinbase-btc-usd-spot,2022-03-07T18:55:05.554752000Z,292717168,0.001,38049.65,2022-03-07T18:55:05.744286000Z,sell
coinbase-btc-usd-spot,2022-03-07T18:55:05.554752000Z,292717169,0.00094239,38049.64,2022-03-07T18:55:05.744286000Z,sell
coinbase-btc-usd-spot,2022-03-07T18:55:06.118098000Z,292717170,0.00119999,38045.58,2022-03-07T18:55:06.243002000Z,sell
coinbase-btc-usd-spot,2022-03-07T18:55:06.118098000Z,292717171,0.00717755,38045.55,2022-03-07T18:55:06.243002000Z,sell
coinbase-btc-usd-spot,2022-03-07T18:55:07.023983000Z,292717172,0.02243225,38042.61,2022-03-07T18:55:07.107425000Z,sell
coinbase-btc-usd-spot,2022-03-07T18:55:07.161420000Z,292717173,0.00005256,38044.55,2022-03-07T18:55:07.243597000Z,buy
coinbase-btc-usd-spot,2022-03-07T18:55:07.244235000Z,292717174,0.00927095,38042.61,2022-03-07T18:55:07.358794000Z,sell
coinbase-btc-usd-spot,2022-03-07T18:55:07.302874000Z,292717175,0.01873776,38042.61,2022-03-07T18:55:07.493785000Z,sell
coinbase-btc-usd-spot,2022-03-07T18:55:07.306023000Z,292717176,0.2534609,38042.61,2022-03-07T18:55:07.493785000Z,sell
coinbase-btc-usd-spot,2022-03-07T18:55:07.790722000Z,292717177,0.00035324,38040.6,2022-03-07T18:55:07.857783000Z,buy
coinbase-btc-usd-spot,2022-03-07T18:55:07.816843000Z,292717178,0.00012755,38038.07,2022-03-07T18:55:07.993888000Z,sell
coinbase-btc-usd-spot,2022-03-07T18:55:08.048101000Z,292717179,0.0000773,38039.74,2022-03-07T18:55:08.107241000Z,buy
coinbase-btc-usd-spot,2022-03-07T18:55:08.318935000Z,292717180,0.00056468,38038.07,2022-03-07T18:55:08.493829000Z,sell
coinbase-btc-usd-spot,2022-03-07T18:55:08.692550000Z,292717181,0.00010484,38038.73,2022-03-07T18:55:08.770179000Z,buy
coinbase-btc-usd-spot,2022-03-07T18:55:08.719220000Z,292717182,0.00147623,38038.73,2022-03-07T18:55:08.857976000Z,buy
coinbase-btc-usd-spot,2022-03-07T18:55:08.896203000Z,292717183,0.00831632,38038.07,2022-03-07T18:55:08.994340000Z,sell
coinbase-btc-usd-spot,2022-03-07T18:55:08.996226000Z,292717184,0.05774,38038,2022-03-07T18:55:09.109172000Z,sell
coinbase-btc-usd-spot,2022-03-07T18:55:09.000361000Z,292717185,0.02053,38038,2022-03-07T18:55:09.109172000Z,sell
coinbase-btc-usd-spot,2022-03-07T18:55:09.177824000Z,292717186,0.00023575,38038.4,2022-03-07T18:55:09.258961000Z,buy
coinbase-btc-usd-spot,2022-03-07T18:55:09.365656000Z,292717187,0.00149088,38038.25,2022-03-07T18:55:09.494420000Z,buy
coinbase-btc-usd-spot,2022-03-07T18:55:09.585118000Z,292717188,0.00245402,38038.13,2022-03-07T18:55:09.744737000Z,buy
coinbase-btc-usd-spot,2022-03-07T18:55:09.585118000Z,292717189,0.0026895,38038.13,2022-03-07T18:55:09.744737000Z,buy
coinbase-btc-usd-spot,2022-03-07T18:55:09.585118000Z,292717190,0.0026895,38038.14,2022-03-07T18:55:09.744737000Z,buy
coinbase-btc-usd-spot,2022-03-07T18:55:09.585118000Z,292717191,0.00504948,38038.15,2022-03-07T18:55:09.744737000Z,buy
coinbase-btc-usd-spot,2022-03-07T18:55:09.894395000Z,292717192,0.00000775,38038,2022-03-07T18:55:09.994951000Z,sell
coinbase-btc-usd-spot,2022-03-07T18:55:10.034667000Z,292717193,0.00171782,38037.21,2022-03-07T18:55:10.109584000Z,buy
coinbase-btc-usd-spot,2022-03-07T18:55:10.034667000Z,292717194,0.01224158,38037.22,2022-03-07T18:55:10.109584000Z,buy
coinbase-btc-usd-spot,2022-03-07T18:55:10.034667000Z,292717195,0.01052635,38038.11,2022-03-07T18:55:10.109584000Z,buy
coinbase-btc-usd-spot,2022-03-07T18:55:10.034667000Z,292717196,0.00166967,38040.04,2022-03-07T18:55:10.109584000Z,buy
coinbase-btc-usd-spot,2022-03-07T18:55:10.084983000Z,292717197,0.00168978,38036.58,2022-03-07T18:55:10.244857000Z,sell
coinbase-btc-usd-spot,2022-03-07T18:55:10.134264000Z,292717198,0.00086322,38040.03,2022-03-07T18:55:10.244857000Z,buy
coinbase-btc-usd-spot,2022-03-07T18:55:10.469820000Z,292717199,0.00061461,38039.93,2022-03-07T18:55:10.609298000Z,buy
coinbase-btc-usd-spot,2022-03-07T18:55:11.105921000Z,292717200,0.00165137,38037.73,2022-03-07T18:55:11.246454000Z,buy
coinbase-btc-usd-spot,2022-03-07T18:55:11.105921000Z,292717201,0.00086333,38037.74,2022-03-07T18:55:11.246454000Z,buy
coinbase-btc-usd-spot,2022-03-07T18:55:11.404411000Z,292717202,0.00149988,38037.4,2022-03-07T18:55:11.496590000Z,sell
coinbase-btc-usd-spot,2022-03-07T18:55:11.404411000Z,292717203,0.00329774,38037.39,2022-03-07T18:55:11.496590000Z,sell
coinbase-btc-usd-spot,2022-03-07T18:55:12.174337000Z,292717204,0.00104991,38037.47,2022-03-07T18:55:12.247149000Z,sell
coinbase-btc-usd-spot,2022-03-07T18:55:12.174337000Z,292717205,0.04895046,38036.53,2022-03-07T18:55:12.247149000Z,sell
coinbase-btc-usd-spot,2022-03-07T18:55:12.573149000Z,292717206,0.00104628,38037.42,2022-03-07T18:55:12.747402000Z,buy
coinbase-btc-usd-spot,2022-03-07T18:55:12.706277000Z,292717207,0.00015371,38037.42,2022-03-07T18:55:12.772899000Z,buy
coinbase-btc-usd-spot,2022-03-07T18:55:12.706277000Z,292717208,0.01730652,38037.48,2022-03-07T18:55:12.772899000Z,buy
coinbase-btc-usd-spot,2022-03-07T18:55:12.757339000Z,292717209,0.00119,38037.41,2022-03-07T18:55:12.861638000Z,buy
coinbase-btc-usd-spot,2022-03-07T18:55:12.838256000Z,292717210,0.00000999,38037.41,2022-03-07T18:55:12.997780000Z,buy
coinbase-btc-usd-spot,2022-03-07T18:55:12.838256000Z,292717211,0.00085326,38037.81,2022-03-07T18:55:12.997780000Z,buy
coinbase-btc-usd-spot,2022-03-07T18:55:12.857272000Z,292717212,0.00119999,38037.41,2022-03-07T18:55:12.997780000Z,buy
coinbase-btc-usd-spot,2022-03-07T18:55:12.857272000Z,292717213,0.0152797,38037.81,2022-03-07T18:55:12.997780000Z,buy
coinbase-btc-usd-spot,2022-03-07T18:55:12.876432000Z,292717214,0.00119999,38037.4,2022-03-07T18:55:12.997780000Z,buy
coinbase-btc-usd-spot,2022-03-07T18:55:12.876432000Z,292717215,0.00119999,38037.8,2022-03-07T18:55:12.997780000Z,buy
coinbase-btc-usd-spot,2022-03-07T18:55:12.876432000Z,292717216,0.00119999,38037.81,2022-03-07T18:55:12.997780000Z,buy
coinbase-btc-usd-spot,2022-03-07T18:55:12.887930000Z,292717217,0.00119999,38037.39,2022-03-07T18:55:12.997780000Z,buy
coinbase-btc-usd-spot,2022-03-07T18:55:12.887930000Z,292717218,0.00910582,38044.05,2022-03-07T18:55:12.997780000Z,buy
coinbase-btc-usd-spot,2022-03-07T18:55:12.921088000Z,292717219,0.01727599,38037.89,2022-03-07T18:55:12.997780000Z,buy
coinbase-btc-usd-spot,2022-03-07T18:55:13.894306000Z,292717220,0.001,38038.97,2022-03-07T18:55:13.999087000Z,sell
coinbase-btc-usd-spot,2022-03-07T18:55:13.913991000Z,292717221,0.01664387,38037.58,2022-03-07T18:55:13.999087000Z,buy
coinbase-btc-usd-spot,2022-03-07T18:55:14.901080000Z,292717222,0.00061482,38038.91,2022-03-07T18:55:14.999509000Z,buy
coinbase-btc-usd-spot,2022-03-07T18:55:15.469356000Z,292717223,0.0050581,38038.9,2022-03-07T18:55:15.612009000Z,buy
coinbase-btc-usd-spot,2022-03-07T18:55:15.469356000Z,292717224,0.00310212,38038.91,2022-03-07T18:55:15.612009000Z,buy
coinbase-btc-usd-spot,2022-03-07T18:55:15.589171000Z,292717225,0.001,38038.78,2022-03-07T18:55:15.749979000Z,sell
coinbase-btc-usd-spot,2022-03-07T18:55:15.589171000Z,292717226,0.01072323,38038.77,2022-03-07T18:55:15.749979000Z,sell
coinbase-btc-usd-spot,2022-03-07T18:55:15.793306000Z,292717227,0.00056683,38038.89,2022-03-07T18:55:16.000024000Z,buy
coinbase-btc-usd-spot,2022-03-07T18:55:15.881557000Z,292717228,0.00124318,38038.88,2022-03-07T18:55:16.000024000Z,buy
coinbase-btc-usd-spot,2022-03-07T18:55:16.893658000Z,292717229,0.001,38036.61,2022-03-07T18:55:17.000547000Z,sell
coinbase-btc-usd-spot,2022-03-07T18:55:16.893658000Z,292717230,0.00764789,38036.53,2022-03-07T18:55:17.000547000Z,sell
coinbase-btc-usd-spot,2022-03-07T18:55:17.303485000Z,292717231,0.25263813,38036.53,2022-03-07T18:55:17.500684000Z,sell
coinbase-btc-usd-spot,2022-03-07T18:55:17.318924000Z,292717232,0.00219114,38036.99,2022-03-07T18:55:17.500684000Z,buy
coinbase-btc-usd-spot,2022-03-07T18:55:17.318924000Z,292717233,0.00173236,38037,2022-03-07T18:55:17.500684000Z,buy
coinbase-btc-usd-spot,2022-03-07T18:55:17.318924000Z,292717234,0.00130317,38037.01,2022-03-07T18:55:17.500684000Z,buy
coinbase-btc-usd-spot,2022-03-07T18:55:17.338932000Z,292717235,0.1195782,38036.53,2022-03-07T18:55:17.500684000Z,sell
coinbase-btc-usd-spot,2022-03-07T18:55:17.343183000Z,292717236,0.07118532,38036.53,2022-03-07T18:55:17.500684000Z,sell
coinbase-btc-usd-spot,2022-03-07T18:55:17.897352000Z,292717237,0.00239084,38032.67,2022-03-07T18:55:18.001345000Z,sell
coinbase-btc-usd-spot,2022-03-07T18:55:17.897352000Z,292717238,0.0062597,38031.9,2022-03-07T18:55:18.001345000Z,sell
coinbase-btc-usd-spot,2022-03-07T18:55:18.899667000Z,292717239,0.00417459,38032.33,2022-03-07T18:55:19.001222000Z,sell
coinbase-btc-usd-spot,2022-03-07T18:55:18.899667000Z,292717240,0.00447812,38032.12,2022-03-07T18:55:19.001222000Z,sell
coinbase-btc-usd-spot,2022-03-07T18:55:19.042485000Z,292717241,0.0017921,38036.07,2022-03-07T18:55:19.116278000Z,buy
coinbase-btc-usd-spot,2022-03-07T18:55:19.042485000Z,292717242,0.00070807,38036.08,2022-03-07T18:55:19.116278000Z,buy
coinbase-btc-usd-spot,2022-03-07T18:55:19.296283000Z,292717243,0.00357257,38031.89,2022-03-07T18:55:19.366301000Z,sell
coinbase-btc-usd-spot,2022-03-07T18:55:19.637768000Z,292717244,0.00058172,38031.89,2022-03-07T18:55:19.751572000Z,sell
coinbase-btc-usd-spot,2022-03-07T18:55:19.678527000Z,292717245,0.00039228,38035.23,2022-03-07T18:55:19.751572000Z,buy
coinbase-btc-usd-spot,2022-03-07T18:55:19.895616000Z,292717246,0.00864801,38031.89,2022-03-07T18:55:20.001555000Z,sell
coinbase-btc-usd-spot,2022-03-07T18:55:20.151803000Z,292717247,0.00015431,38035.12,2022-03-07T18:55:20.251517000Z,buy
coinbase-btc-usd-spot,2022-03-07T18:55:20.820155000Z,292717248,0.01049966,38032.41,2022-03-07T18:55:21.002084000Z,sell
coinbase-btc-usd-spot,2022-03-07T18:55:20.896553000Z,292717249,0.001,38032.43,2022-03-07T18:55:21.002084000Z,sell
coinbase-btc-usd-spot,2022-03-07T18:55:20.896553000Z,292717250,0.01260157,38032.42,2022-03-07T18:55:21.002084000Z,sell
coinbase-btc-usd-spot,2022-03-07T18:55:20.967749000Z,292717251,0.00039245,38036.12,2022-03-07T18:55:21.118599000Z,buy
coinbase-btc-usd-spot,2022-03-07T18:55:21.007246000Z,292717252,0.00751236,38036.08,2022-03-07T18:55:21.118599000Z,buy
coinbase-btc-usd-spot,2022-03-07T18:55:21.007246000Z,292717253,0.02629404,38039.3,2022-03-07T18:55:21.118599000Z,buy
coinbase-btc-usd-spot,2022-03-07T18:55:21.007246000Z,292717254,0.05,38039.39,2022-03-07T18:55:21.118599000Z,buy
coinbase-btc-usd-spot,2022-03-07T18:55:21.007246000Z,292717255,0.1,38040.8,2022-03-07T18:55:21.118599000Z,buy
coinbase-btc-usd-spot,2022-03-07T18:55:21.007246000Z,292717256,0.1,38042.07,2022-03-07T18:55:21.118599000Z,buy
coinbase-btc-usd-spot,2022-03-07T18:55:21.007246000Z,292717257,0.06573293,38042.54,2022-03-07T18:55:21.118599000Z,buy
coinbase-btc-usd-spot,2022-03-07T18:55:21.007246000Z,292717258,0.1314636,38044.63,2022-03-07T18:55:21.118599000Z,buy
coinbase-btc-usd-spot,2022-03-07T18:55:21.007246000Z,292717259,0.039,38044.99,2022-03-07T18:55:21.118599000Z,buy
coinbase-btc-usd-spot,2022-03-07T18:55:21.007246000Z,292717260,0.12399925,38045.15,2022-03-07T18:55:21.118599000Z,buy
coinbase-btc-usd-spot,2022-03-07T18:55:21.150790000Z,292717261,0.00035329,38038.34,2022-03-07T18:55:21.252482000Z,buy
coinbase-btc-usd-spot,2022-03-07T18:55:21.248015000Z,292717262,0.00143679,38038.32,2022-03-07T18:55:21.367988000Z,buy
coinbase-btc-usd-spot,2022-03-07T18:55:21.248015000Z,292717263,0.0042217,38038.32,2022-03-07T18:55:21.367988000Z,buy
coinbase-btc-usd-spot,2022-03-07T18:55:21.346225000Z,292717264,0.0007326,38038.32,2022-03-07T18:55:21.503426000Z,buy
coinbase-btc-usd-spot,2022-03-07T18:55:21.485973000Z,292717265,0.0014,38038.32,2022-03-07T18:55:21.618388000Z,buy
coinbase-btc-usd-spot,2022-03-07T18:55:21.642645000Z,292717266,0.00250017,38038.29,2022-03-07T18:55:21.752145000Z,buy
coinbase-btc-usd-spot,2022-03-07T18:55:21.899905000Z,292717267,0.001,38034.73,2022-03-07T18:55:22.002298000Z,sell
coinbase-btc-usd-spot,2022-03-07T18:55:21.899905000Z,292717268,0.01499079,38031.89,2022-03-07T18:55:22.002298000Z,sell
coinbase-btc-usd-spot,2022-03-07T18:55:22.212175000Z,292717269,0.01288216,38035.74,2022-03-07T18:55:22.282014000Z,buy
coinbase-btc-usd-spot,2022-03-07T18:55:22.235228000Z,292717270,0.00013172,38035.74,2022-03-07T18:55:22.368526000Z,buy
coinbase-btc-usd-spot,2022-03-07T18:55:22.255409000Z,292717271,0.00048407,38035.74,2022-03-07T18:55:22.368526000Z,buy
coinbase-btc-usd-spot,2022-03-07T18:55:22.341512000Z,292717272,0.00503115,38035.74,2022-03-07T18:55:22.503404000Z,buy
coinbase-btc-usd-spot,2022-03-07T18:55:22.388582000Z,292717273,0.01997709,38031.9,2022-03-07T18:55:22.503404000Z,sell
coinbase-btc-usd-spot,2022-03-07T18:55:22.392888000Z,292717274,0.02662378,38032.6,2022-03-07T18:55:22.503404000Z,sell
coinbase-btc-usd-spot,2022-03-07T18:55:22.392888000Z,292717275,0.02608983,38031.91,2022-03-07T18:55:22.503404000Z,sell
coinbase-btc-usd-spot,2022-03-07T18:55:22.567689000Z,292717276,0.00279062,38043.06,2022-03-07T18:55:22.752892000Z,buy
coinbase-btc-usd-spot,2022-03-07T18:55:22.567689000Z,292717277,0.00130575,38043.06,2022-03-07T18:55:22.752892000Z,buy
coinbase-btc-usd-spot,2022-03-07T18:55:22.567689000Z,292717278,0.00337732,38043.69,2022-03-07T18:55:22.752892000Z,buy
coinbase-btc-usd-spot,2022-03-07T18:55:22.567689000Z,292717279,0.00130575,38044.06,2022-03-07T18:55:22.752892000Z,buy
coinbase-btc-usd-spot,2022-03-07T18:55:22.567689000Z,292717280,0.00279062,38044.06,2022-03-07T18:55:22.752892000Z,buy
coinbase-btc-usd-spot,2022-03-07T18:55:22.567689000Z,292717281,0.00775667,38044.07,2022-03-07T18:55:22.752892000Z,buy
coinbase-btc-usd-spot,2022-03-07T18:55:22.567689000Z,292717282,0.00582063,38044.25,2022-03-07T18:55:22.752892000Z,buy
coinbase-btc-usd-spot,2022-03-07T18:55:23.583588000Z,292717283,0.001,38042.04,2022-03-07T18:55:23.753328000Z,buy
coinbase-btc-usd-spot,2022-03-07T18:55:23.583588000Z,292717284,0.00111624,38042.05,2022-03-07T18:55:23.753328000Z,buy
coinbase-btc-usd-spot,2022-03-07T18:55:23.583588000Z,292717285,0.00111624,38042.07,2022-03-07T18:55:23.753328000Z,buy
coinbase-btc-usd-spot,2022-03-07T18:55:23.583588000Z,292717286,0.00111624,38042.09,2022-03-07T18:55:23.753328000Z,buy
coinbase-btc-usd-spot,2022-03-07T18:55:23.609873000Z,292717287,0.001,38042.02,2022-03-07T18:55:23.753328000Z,buy
coinbase-btc-usd-spot,2022-03-07T18:55:23.609873000Z,292717288,0.00111624,38042.03,2022-03-07T18:55:23.753328000Z,buy
coinbase-btc-usd-spot,2022-03-07T18:55:23.609873000Z,292717289,0.00765114,38042.73,2022-03-07T18:55:23.753328000Z,buy
coinbase-btc-usd-spot,2022-03-07T18:55:23.683674000Z,292717290,0.001,38042.69,2022-03-07T18:55:23.790482000Z,buy
coinbase-btc-usd-spot,2022-03-07T18:55:23.683674000Z,292717291,0.001,38042.7,2022-03-07T18:55:23.790482000Z,buy
coinbase-btc-usd-spot,2022-03-07T18:55:23.683674000Z,292717292,0.001,38042.7,2022-03-07T18:55:23.790482000Z,buy
coinbase-btc-usd-spot,2022-03-07T18:55:24.243178000Z,292717293,0.001,38042.73,2022-03-07T18:55:24.371931000Z,buy
coinbase-btc-usd-spot,2022-03-07T18:55:24.243178000Z,292717294,0.00150017,38042.86,2022-03-07T18:55:24.371931000Z,buy
coinbase-btc-usd-spot,2022-03-07T18:55:24.312894000Z,292717295,0.00715211,38042.86,2022-03-07T18:55:24.371931000Z,buy
coinbase-btc-usd-spot,2022-03-07T18:55:24.312894000Z,292717296,0.05816917,38044.25,2022-03-07T18:55:24.503570000Z,buy
coinbase-btc-usd-spot,2022-03-07T18:55:24.550704000Z,292717297,0.01347554,38042.76,2022-03-07T18:55:24.622225000Z,sell
coinbase-btc-usd-spot,2022-03-07T18:55:24.823546000Z,292717298,0.00010488,38045.16,2022-03-07T18:55:25.003524000Z,buy
coinbase-btc-usd-spot,2022-03-07T18:55:24.848452000Z,292717299,0.00261143,38045.16,2022-03-07T18:55:25.003524000Z,buy
coinbase-btc-usd-spot,2022-03-07T18:55:25.155200000Z,292717300,0.00728621,38042.88,2022-03-07T18:55:25.254113000Z,sell
coinbase-btc-usd-spot,2022-03-07T18:55:25.155200000Z,292717301,0.00355993,38042.84,2022-03-07T18:55:25.254113000Z,sell
coinbase-btc-usd-spot,2022-03-07T18:55:25.455883000Z,292717302,0.00727244,38044.9,2022-03-07T18:55:25.535418000Z,buy
coinbase-btc-usd-spot,2022-03-07T18:55:25.455883000Z,292717303,0.00865888,38045,2022-03-07T18:55:25.535418000Z,buy
coinbase-btc-usd-spot,2022-03-07T18:55:25.455883000Z,292717304,0.47033143,38045.16,2022-03-07T18:55:25.535418000Z,buy
coinbase-btc-usd-spot,2022-03-07T18:55:25.455883000Z,292717305,0.00613736,38045.16,2022-03-07T18:55:25.535418000Z,buy
coinbase-btc-usd-spot,2022-03-07T18:55:25.473159000Z,292717306,0.03186264,38045.16,2022-03-07T18:55:25.624469000Z,buy
coinbase-btc-usd-spot,2022-03-07T18:55:25.473159000Z,292717307,0.43848404,38046.01,2022-03-07T18:55:25.624469000Z,buy
coinbase-btc-usd-spot,2022-03-07T18:55:25.487567000Z,292717308,0.04828665,38046.01,2022-03-07T18:55:25.624469000Z,buy
coinbase-btc-usd-spot,2022-03-07T18:55:25.487567000Z,292717309,0.45324083,38046.01,2022-03-07T18:55:25.624469000Z,buy
coinbase-btc-usd-spot,2022-03-07T18:55:25.487567000Z,292717310,0.45834096,38046.86,2022-03-07T18:55:25.624469000Z,buy
coinbase-btc-usd-spot,2022-03-07T18:55:25.488706000Z,292717311,0.00098452,38046.86,2022-03-07T18:55:25.624469000Z,buy
coinbase-btc-usd-spot,2022-03-07T18:55:25.506747000Z,292717312,0.03077926,38046.86,2022-03-07T18:55:25.624469000Z,buy
coinbase-btc-usd-spot,2022-03-07T18:55:25.506747000Z,292717313,0.10368228,38047.71,2022-03-07T18:55:25.624469000Z,buy
coinbase-btc-usd-spot,2022-03-07T18:55:25.518565000Z,292717314,0.37861882,38047.71,2022-03-07T18:55:25.624469000Z,buy
coinbase-btc-usd-spot,2022-03-07T18:55:25.518565000Z,292717315,0.07442179,38047.76,2022-03-07T18:55:25.624469000Z,buy
coinbase-btc-usd-spot,2022-03-07T18:55:25.530147000Z,292717316,0.42105408,38047.76,2022-03-07T18:55:25.624469000Z,buy
coinbase-btc-usd-spot,2022-03-07T18:55:25.530147000Z,292717317,0.001,38048.08,2022-03-07T18:55:25.624469000Z,buy
coinbase-btc-usd-spot,2022-03-07T18:55:25.628049000Z,292717318,0.00125549,38052.07,2022-03-07T18:55:25.754773000Z,buy
coinbase-btc-usd-spot,2022-03-07T18:55:25.772985000Z,292717319,0.01,38051.08,2022-03-07T18:55:25.874307000Z,buy
coinbase-btc-usd-spot,2022-03-07T18:55:25.772985000Z,292717320,0.01,38051.98,2022-03-07T18:55:25.874307000Z,buy
coinbase-btc-usd-spot,2022-03-07T18:55:26.090584000Z,292717321,0.00253772,38053.63,2022-03-07T18:55:26.254308000Z,buy
coinbase-btc-usd-spot,2022-03-07T18:55:26.294750000Z,292717322,0.00515219,38053.63,2022-03-07T18:55:26.375078000Z,buy
coinbase-btc-usd-spot,2022-03-07T18:55:26.638422000Z,292717323,0.00003648,38052.61,2022-03-07T18:55:26.754348000Z,sell
coinbase-btc-usd-spot,2022-03-07T18:55:26.837237000Z,292717324,0.00095959,38053.63,2022-03-07T18:55:27.004702000Z,buy
coinbase-btc-usd-spot,2022-03-07T18:55:26.837237000Z,292717325,0.00153987,38053.87,2022-03-07T18:55:27.004702000Z,buy
coinbase-btc-usd-spot,2022-03-07T18:55:26.928235000Z,292717326,0.00048419,38053.6,2022-03-07T18:55:27.004702000Z,buy
coinbase-btc-usd-spot,2022-03-07T18:55:27.114428000Z,292717327,0.00817092,38053.6,2022-03-07T18:55:27.255463000Z,buy
coinbase-btc-usd-spot,2022-03-07T18:55:27.114428000Z,292717328,0.00031702,38053.87,2022-03-07T18:55:27.255463000Z,buy
coinbase-btc-usd-spot,2022-03-07T18:55:27.276122000Z,292717329,0.00713787,38052.62,2022-03-07T18:55:27.375514000Z,sell
coinbase-btc-usd-spot,2022-03-07T18:55:27.551672000Z,292717330,0.00347322,38048.33,2022-03-07T18:55:27.626029000Z,sell
coinbase-btc-usd-spot,2022-03-07T18:55:27.551672000Z,292717331,0.00281678,38048.33,2022-03-07T18:55:27.626029000Z,sell
coinbase-btc-usd-spot,2022-03-07T18:55:27.560500000Z,292717332,0.00000646,38048.33,2022-03-07T18:55:27.626029000Z,sell
coinbase-btc-usd-spot,2022-03-07T18:55:27.560500000Z,292717333,0.00282324,38048.32,2022-03-07T18:55:27.626029000Z,sell
coinbase-btc-usd-spot,2022-03-07T18:55:27.560500000Z,292717334,0.00282324,38048.31,2022-03-07T18:55:27.626029000Z,sell
coinbase-btc-usd-spot,2022-03-07T18:55:27.575613000Z,292717335,0.02628286,38045.16,2022-03-07T18:55:27.755030000Z,sell
coinbase-btc-usd-spot,2022-03-07T18:55:27.770351000Z,292717336,0.001,38040.02,2022-03-07T18:55:27.880347000Z,sell
coinbase-btc-usd-spot,2022-03-07T18:55:27.770351000Z,292717337,0.001,38040.01,2022-03-07T18:55:27.880347000Z,sell
coinbase-btc-usd-spot,2022-03-07T18:55:28.120395000Z,292717338,0.00118517,38040.02,2022-03-07T18:55:28.255324000Z,buy
coinbase-btc-usd-spot,2022-03-07T18:55:28.470124000Z,292717339,0.01525231,38037.84,2022-03-07T18:55:28.538100000Z,sell
coinbase-btc-usd-spot,2022-03-07T18:55:28.470124000Z,292717340,0.11820209,38037.84,2022-03-07T18:55:28.538100000Z,sell
coinbase-btc-usd-spot,2022-03-07T18:55:29.279844000Z,292717341,0.00131244,38039.8,2022-03-07T18:55:29.378963000Z,buy
coinbase-btc-usd-spot,2022-03-07T18:55:29.421196000Z,292717342,0.00249946,38039.8,2022-03-07T18:55:29.506363000Z,buy
coinbase-btc-usd-spot,2022-03-07T18:55:29.571127000Z,292717343,0.00484,38039.8,2022-03-07T18:55:29.755920000Z,buy
coinbase-btc-usd-spot,2022-03-07T18:55:29.968056000Z,292717344,0.0000057,38039.8,2022-03-07T18:55:30.039151000Z,buy
coinbase-btc-usd-spot,2022-03-07T18:55:29.968056000Z,292717345,0.00012553,38042.17,2022-03-07T18:55:30.039151000Z,buy
coinbase-btc-usd-spot,2022-03-07T18:55:30.231625000Z,292717346,0.0023777,38040.87,2022-03-07T18:55:30.379258000Z,sell
coinbase-btc-usd-spot,2022-03-07T18:55:30.231625000Z,292717347,0.0009187,38040.87,2022-03-07T18:55:30.379258000Z,sell
coinbase-btc-usd-spot,2022-03-07T18:55:30.428887000Z,292717348,0.00266775,38042.17,2022-03-07T18:55:30.506483000Z,buy
coinbase-btc-usd-spot,2022-03-07T18:55:30.454160000Z,292717349,0.00585365,38042.17,2022-03-07T18:55:30.539831000Z,buy
coinbase-btc-usd-spot,2022-03-07T18:55:30.454160000Z,292717350,0.00017093,38042.9,2022-03-07T18:55:30.539831000Z,buy
coinbase-btc-usd-spot,2022-03-07T18:55:30.597704000Z,292717351,0.00225259,38042.9,2022-03-07T18:55:30.756733000Z,buy
coinbase-btc-usd-spot,2022-03-07T18:55:30.679278000Z,292717352,0.00621941,38042.9,2022-03-07T18:55:30.789931000Z,buy
coinbase-btc-usd-spot,2022-03-07T18:55:30.679278000Z,292717353,0.05,38047.38,2022-03-07T18:55:30.789931000Z,buy
