market,time,coin_metrics_id,amount,price,database_time,side
coinbase-btc-usd-spot,2022-03-07T16:50:41.673786000Z,292637073,0.0007454,38999.88,2022-03-07T16:50:41.786843000Z,buy
coinbase-btc-usd-spot,2022-03-07T16:50:41.894322000Z,292637074,0.00863773,38999.87,2022-03-07T16:50:42.037412000Z,sell
coinbase-btc-usd-spot,2022-03-07T16:50:42.301250000Z,292637075,0.01287852,38999.88,2022-03-07T16:50:42.396171000Z,buy
coinbase-btc-usd-spot,2022-03-07T16:50:42.415450000Z,292637076,0.00188638,38999.87,2022-03-07T16:50:42.537250000Z,sell
coinbase-btc-usd-spot,2022-03-07T16:50:42.415450000Z,292637077,0.07370171,38999.87,2022-03-07T16:50:42.537250000Z,sell
coinbase-btc-usd-spot,2022-03-07T16:50:42.447788000Z,292637078,0.0538,38999.87,2022-03-07T16:50:42.537250000Z,sell
coinbase-btc-usd-spot,2022-03-07T16:50:42.459912000Z,292637079,0.00000629,38999.87,2022-03-07T16:50:42.537250000Z,sell
coinbase-btc-usd-spot,2022-03-07T16:50:42.459912000Z,292637080,0.00131371,38999.87,2022-03-07T16:50:42.537250000Z,sell
coinbase-btc-usd-spot,2022-03-07T16:50:42.463494000Z,292637081,0.00000676,38999.87,2022-03-07T16:50:42.594595000Z,sell
coinbase-btc-usd-spot,2022-03-07T16:50:42.719054000Z,292637082,0.051282,38991.01,2022-03-07T16:50:42.844750000Z,sell
coinbase-btc-usd-spot,2022-03-07T16:50:42.741619000Z,292637083,0.44406669,38991.01,2022-03-07T16:50:42.844750000Z,sell
coinbase-btc-usd-spot,2022-03-07T16:50:42.763256000Z,292637084,0.23272429,38990.01,2022-03-07T16:50:42.844750000Z,sell
coinbase-btc-usd-spot,2022-03-07T16:50:42.770507000Z,292637085,0.22603169,38989.4,2022-03-07T16:50:42.844750000Z,sell
coinbase-btc-usd-spot,2022-03-07T16:50:42.770507000Z,292637086,0.05,38989.06,2022-03-07T16:50:42.844750000Z,sell
coinbase-btc-usd-spot,2022-03-07T16:50:42.856311000Z,292637087,0.02564585,38985.98,2022-03-07T16:50:43.042761000Z,sell
coinbase-btc-usd-spot,2022-03-07T16:50:42.977780000Z,292637088,0.037,38984.57,2022-03-07T16:50:43.095122000Z,sell
coinbase-btc-usd-spot,2022-03-07T16:50:43.026120000Z,292637089,0.08065,38983.13,2022-03-07T16:50:43.095122000Z,sell
coinbase-btc-usd-spot,2022-03-07T16:50:43.026627000Z,292637090,0.08602417,38983.13,2022-03-07T16:50:43.095122000Z,sell
coinbase-btc-usd-spot,2022-03-07T16:50:43.080957000Z,292637091,0.15,38983.13,2022-03-07T16:50:43.294210000Z,sell
coinbase-btc-usd-spot,2022-03-07T16:50:43.127018000Z,292637092,0.00122503,38983.14,2022-03-07T16:50:43.294210000Z,buy
coinbase-btc-usd-spot,2022-03-07T16:50:43.170484000Z,292637093,0.07135,38983.13,2022-03-07T16:50:43.294210000Z,sell
coinbase-btc-usd-spot,2022-03-07T16:50:43.199440000Z,292637094,0.01837059,38983.13,2022-03-07T16:50:43.294210000Z,sell
coinbase-btc-usd-spot,2022-03-07T16:50:43.199440000Z,292637095,0.19313723,38982.08,2022-03-07T16:50:43.294210000Z,sell
coinbase-btc-usd-spot,2022-03-07T16:50:43.266763000Z,292637096,0.02051309,38980.86,2022-03-07T16:50:43.344870000Z,buy
coinbase-btc-usd-spot,2022-03-07T16:50:43.729855000Z,292637097,0.00563744,38976.78,2022-03-07T16:50:43.845373000Z,sell
coinbase-btc-usd-spot,2022-03-07T16:50:43.895556000Z,292637098,0.001,38976.78,2022-03-07T16:50:44.045689000Z,sell
coinbase-btc-usd-spot,2022-03-07T16:50:44.903216000Z,292637099,0.01697019,38974.8,2022-03-07T16:50:45.046868000Z,sell
coinbase-btc-usd-spot,2022-03-07T16:50:45.025091000Z,292637100,0.03646176,38974.8,2022-03-07T16:50:45.096792000Z,sell
coinbase-btc-usd-spot,2022-03-07T16:50:45.025091000Z,292637101,0.0312,38974.8,2022-03-07T16:50:45.096792000Z,sell
coinbase-btc-usd-spot,2022-03-07T16:50:45.102849000Z,292637102,0.00016648,38966.49,2022-03-07T16:50:45.297608000Z,sell
coinbase-btc-usd-spot,2022-03-07T16:50:45.152192000Z,292637103,0.00137567,38967.88,2022-03-07T16:50:45.297608000Z,buy
coinbase-btc-usd-spot,2022-03-07T16:50:45.152192000Z,292637104,0.00475932,38967.89,2022-03-07T16:50:45.297608000Z,buy
coinbase-btc-usd-spot,2022-03-07T16:50:45.586108000Z,292637105,0.0018382,38967.25,2022-03-07T16:50:45.674711000Z,buy
coinbase-btc-usd-spot,2022-03-07T16:50:45.642499000Z,292637106,0.02382637,38967.25,2022-03-07T16:50:45.796907000Z,buy
coinbase-btc-usd-spot,2022-03-07T16:50:45.642499000Z,292637107,0.02512,38967.25,2022-03-07T16:50:45.796907000Z,buy
coinbase-btc-usd-spot,2022-03-07T16:50:45.642499000Z,292637108,0.001,38967.25,2022-03-07T16:50:45.796907000Z,buy
coinbase-btc-usd-spot,2022-03-07T16:50:45.642499000Z,292637109,0.064,38968.72,2022-03-07T16:50:45.796907000Z,buy
coinbase-btc-usd-spot,2022-03-07T16:50:45.642499000Z,292637110,0.06415752,38969.09,2022-03-07T16:50:45.796907000Z,buy
coinbase-btc-usd-spot,2022-03-07T16:50:45.661689000Z,292637111,0.02566457,38967.25,2022-03-07T16:50:45.796907000Z,buy
coinbase-btc-usd-spot,2022-03-07T16:50:45.661689000Z,292637112,0.02512,38967.25,2022-03-07T16:50:45.796907000Z,buy
coinbase-btc-usd-spot,2022-03-07T16:50:45.661689000Z,292637113,0.12831715,38970.1,2022-03-07T16:50:45.796907000Z,buy
coinbase-btc-usd-spot,2022-03-07T16:50:45.809678000Z,292637114,0.064,38970.07,2022-03-07T16:50:45.898483000Z,buy
coinbase-btc-usd-spot,2022-03-07T16:50:45.898689000Z,292637115,0.0086496,38970.05,2022-03-07T16:50:46.047157000Z,sell
coinbase-btc-usd-spot,2022-03-07T16:50:46.545332000Z,292637116,0.001,38970.06,2022-03-07T16:50:46.649370000Z,buy
coinbase-btc-usd-spot,2022-03-07T16:50:46.545332000Z,292637117,0.00022466,38970.06,2022-03-07T16:50:46.649370000Z,buy
coinbase-btc-usd-spot,2022-03-07T16:50:46.808542000Z,292637118,0.00301025,38970.06,2022-03-07T16:50:46.898930000Z,buy
coinbase-btc-usd-spot,2022-03-07T16:50:46.898939000Z,292637119,0.01730552,38970.05,2022-03-07T16:50:47.047801000Z,sell
coinbase-btc-usd-spot,2022-03-07T16:50:47.441147000Z,292637120,0.00025534,38970.06,2022-03-07T16:50:47.548041000Z,buy
coinbase-btc-usd-spot,2022-03-07T16:50:47.535516000Z,292637121,0.00824495,38973.51,2022-03-07T16:50:47.600338000Z,sell
coinbase-btc-usd-spot,2022-03-07T16:50:47.907361000Z,292637122,0.00149165,38968.15,2022-03-07T16:50:48.048416000Z,sell
coinbase-btc-usd-spot,2022-03-07T16:50:47.907361000Z,292637123,0.00149165,38968.14,2022-03-07T16:50:48.048416000Z,sell
coinbase-btc-usd-spot,2022-03-07T16:50:47.907361000Z,292637124,0.00163703,38968.14,2022-03-07T16:50:48.048416000Z,sell
coinbase-btc-usd-spot,2022-03-07T16:50:47.907361000Z,292637125,0.00149165,38968.13,2022-03-07T16:50:48.048416000Z,sell
coinbase-btc-usd-spot,2022-03-07T16:50:47.907361000Z,292637126,0.00253596,38968.13,2022-03-07T16:50:48.048416000Z,sell
coinbase-btc-usd-spot,2022-03-07T16:50:47.923560000Z,292637127,0.00163703,38968.16,2022-03-07T16:50:48.048416000Z,sell
coinbase-btc-usd-spot,2022-03-07T16:50:47.923560000Z,292637128,0.00149165,38968.16,2022-03-07T16:50:48.048416000Z,sell
coinbase-btc-usd-spot,2022-03-07T16:50:47.923560000Z,292637129,0.00163703,38968.15,2022-03-07T16:50:48.048416000Z,sell
coinbase-btc-usd-spot,2022-03-07T16:50:47.923560000Z,292637130,0.00863614,38968.12,2022-03-07T16:50:48.048416000Z,sell
coinbase-btc-usd-spot,2022-03-07T16:50:48.071617000Z,292637131,0.00128104,38972.27,2022-03-07T16:50:48.150570000Z,buy
coinbase-btc-usd-spot,2022-03-07T16:50:48.895431000Z,292637132,0.00780438,38966.59,2022-03-07T16:50:49.050273000Z,sell
coinbase-btc-usd-spot,2022-03-07T16:50:48.895431000Z,292637133,0.00950294,38966.58,2022-03-07T16:50:49.050273000Z,sell
coinbase-btc-usd-spot,2022-03-07T16:50:48.904430000Z,292637134,0.00022996,38968.33,2022-03-07T16:50:49.050273000Z,buy
coinbase-btc-usd-spot,2022-03-07T16:50:49.357670000Z,292637135,0.00145199,38967.94,2022-03-07T16:50:49.431367000Z,buy
coinbase-btc-usd-spot,2022-03-07T16:50:49.357670000Z,292637136,0.01283066,38967.96,2022-03-07T16:50:49.431367000Z,buy
coinbase-btc-usd-spot,2022-03-07T16:50:49.357670000Z,292637137,0.00222934,38967.97,2022-03-07T16:50:49.431367000Z,buy
coinbase-btc-usd-spot,2022-03-07T16:50:49.357670000Z,292637138,0.00145199,38967.98,2022-03-07T16:50:49.431367000Z,buy
coinbase-btc-usd-spot,2022-03-07T16:50:49.357670000Z,292637139,0.02512,38968.07,2022-03-07T16:50:49.431367000Z,buy
coinbase-btc-usd-spot,2022-03-07T16:50:49.357670000Z,292637140,0.00222934,38968.11,2022-03-07T16:50:49.431367000Z,buy
coinbase-btc-usd-spot,2022-03-07T16:50:49.357670000Z,292637141,0.00222934,38968.31,2022-03-07T16:50:49.431367000Z,buy
coinbase-btc-usd-spot,2022-03-07T16:50:49.357670000Z,292637142,0.00206837,38968.33,2022-03-07T16:50:49.431367000Z,buy
coinbase-btc-usd-spot,2022-03-07T16:50:49.357670000Z,292637143,0.04301549,38972.83,2022-03-07T16:50:49.431367000Z,buy
coinbase-btc-usd-spot,2022-03-07T16:50:49.357670000Z,292637144,0.04,38972.85,2022-03-07T16:50:49.551039000Z,buy
coinbase-btc-usd-spot,2022-03-07T16:50:49.357670000Z,292637145,0.064,38975.51,2022-03-07T16:50:49.551039000Z,buy
coinbase-btc-usd-spot,2022-03-07T16:50:49.357670000Z,292637146,0.052,38976.51,2022-03-07T16:50:49.551039000Z,buy
coinbase-btc-usd-spot,2022-03-07T16:50:49.357670000Z,292637147,0.052,38976.77,2022-03-07T16:50:49.551039000Z,buy
coinbase-btc-usd-spot,2022-03-07T16:50:49.357670000Z,292637148,0.38494562,38980.66,2022-03-07T16:50:49.551039000Z,buy
coinbase-btc-usd-spot,2022-03-07T16:50:49.357670000Z,292637149,0.27457314,38981.24,2022-03-07T16:50:49.551039000Z,buy
coinbase-btc-usd-spot,2022-03-07T16:50:49.357670000Z,292637150,0.88918074,38981.25,2022-03-07T16:50:49.551039000Z,buy
coinbase-btc-usd-spot,2022-03-07T16:50:49.894565000Z,292637151,0.01040815,38969.97,2022-03-07T16:50:50.050884000Z,sell
coinbase-btc-usd-spot,2022-03-07T16:50:49.894565000Z,292637152,0.00239757,38969.35,2022-03-07T16:50:50.050884000Z,sell
coinbase-btc-usd-spot,2022-03-07T16:50:49.894565000Z,292637153,0.00239757,38969.34,2022-03-07T16:50:50.050884000Z,sell
coinbase-btc-usd-spot,2022-03-07T16:50:49.894565000Z,292637154,0.00109627,38968.85,2022-03-07T16:50:50.050884000Z,sell
coinbase-btc-usd-spot,2022-03-07T16:50:50.302643000Z,292637155,0.00012753,38972.16,2022-03-07T16:50:50.401199000Z,buy
coinbase-btc-usd-spot,2022-03-07T16:50:50.865211000Z,292637156,0.00122491,38971.19,2022-03-07T16:50:51.051247000Z,buy
coinbase-btc-usd-spot,2022-03-07T16:50:50.895489000Z,292637157,0.001,38967.51,2022-03-07T16:50:51.051247000Z,sell
coinbase-btc-usd-spot,2022-03-07T16:50:50.895489000Z,292637158,0.001,38967.5,2022-03-07T16:50:51.051247000Z,sell
coinbase-btc-usd-spot,2022-03-07T16:50:50.895489000Z,292637159,0.001,38967.15,2022-03-07T16:50:51.051247000Z,sell
coinbase-btc-usd-spot,2022-03-07T16:50:50.895489000Z,292637160,0.001,38966.5,2022-03-07T16:50:51.051247000Z,sell
coinbase-btc-usd-spot,2022-03-07T16:50:50.895489000Z,292637161,0.00465227,38966.49,2022-03-07T16:50:51.051247000Z,sell
coinbase-btc-usd-spot,2022-03-07T16:50:50.914063000Z,292637162,0.00318983,38969.48,2022-03-07T16:50:51.051247000Z,buy
coinbase-btc-usd-spot,2022-03-07T16:50:51.386653000Z,292637163,0.04862459,38966.49,2022-03-07T16:50:51.551421000Z,sell
coinbase-btc-usd-spot,2022-03-07T16:50:51.386653000Z,292637164,0.00269741,38963.82,2022-03-07T16:50:51.551421000Z,sell
coinbase-btc-usd-spot,2022-03-07T16:50:51.867862000Z,292637165,0.00122466,38963.85,2022-03-07T16:50:52.052763000Z,buy
coinbase-btc-usd-spot,2022-03-07T16:50:51.899024000Z,292637166,0.001,38963.84,2022-03-07T16:50:52.052763000Z,sell
coinbase-btc-usd-spot,2022-03-07T16:50:51.899024000Z,292637167,0.001,38963.83,2022-03-07T16:50:52.052763000Z,sell
coinbase-btc-usd-spot,2022-03-07T16:50:51.899024000Z,292637168,0.001,38963.68,2022-03-07T16:50:52.052763000Z,sell
coinbase-btc-usd-spot,2022-03-07T16:50:51.899024000Z,292637169,0.00567238,38959.35,2022-03-07T16:50:52.052763000Z,sell
coinbase-btc-usd-spot,2022-03-07T16:50:51.906572000Z,292637170,0.02638534,38963.85,2022-03-07T16:50:52.052763000Z,buy
coinbase-btc-usd-spot,2022-03-07T16:50:51.906572000Z,292637171,0.001,38963.85,2022-03-07T16:50:52.052763000Z,buy
coinbase-btc-usd-spot,2022-03-07T16:50:51.906572000Z,292637172,0.00224097,38963.85,2022-03-07T16:50:52.052763000Z,buy
coinbase-btc-usd-spot,2022-03-07T16:50:52.403485000Z,292637173,0.0000552,38965.81,2022-03-07T16:50:52.553069000Z,buy
coinbase-btc-usd-spot,2022-03-07T16:50:52.447066000Z,292637174,0.001,38963.72,2022-03-07T16:50:52.553069000Z,sell
coinbase-btc-usd-spot,2022-03-07T16:50:52.447066000Z,292637175,0.001,38963.71,2022-03-07T16:50:52.553069000Z,sell
coinbase-btc-usd-spot,2022-03-07T16:50:52.447066000Z,292637176,0.00034391,38963.7,2022-03-07T16:50:52.553069000Z,sell
coinbase-btc-usd-spot,2022-03-07T16:50:52.585940000Z,292637177,0.001,38963.71,2022-03-07T16:50:52.683344000Z,sell
coinbase-btc-usd-spot,2022-03-07T16:50:52.620588000Z,292637178,0.00007531,38963.71,2022-03-07T16:50:52.802993000Z,buy
coinbase-btc-usd-spot,2022-03-07T16:50:52.680057000Z,292637179,0.00065,38963.7,2022-03-07T16:50:52.802993000Z,sell
coinbase-btc-usd-spot,2022-03-07T16:50:52.695404000Z,292637180,0.00071449,38963.71,2022-03-07T16:50:52.802993000Z,buy
coinbase-btc-usd-spot,2022-03-07T16:50:52.744096000Z,292637181,0.00000609,38963.7,2022-03-07T16:50:52.853092000Z,sell
coinbase-btc-usd-spot,2022-03-07T16:50:52.817523000Z,292637182,0.001,38961.67,2022-03-07T16:50:52.902566000Z,sell
coinbase-btc-usd-spot,2022-03-07T16:50:52.844191000Z,292637183,0.00023,38961.68,2022-03-07T16:50:52.938384000Z,buy
coinbase-btc-usd-spot,2022-03-07T16:50:53.534246000Z,292637184,0.00422554,38955.27,2022-03-07T16:50:53.603108000Z,sell
coinbase-btc-usd-spot,2022-03-07T16:50:53.578855000Z,292637185,0.00704942,38958.13,2022-03-07T16:50:53.653267000Z,buy
coinbase-btc-usd-spot,2022-03-07T16:50:53.578855000Z,292637186,0.05712619,38958.3,2022-03-07T16:50:53.653267000Z,buy
coinbase-btc-usd-spot,2022-03-07T16:50:53.630344000Z,292637187,0.00002606,38958.25,2022-03-07T16:50:53.803593000Z,buy
coinbase-btc-usd-spot,2022-03-07T16:50:53.770298000Z,292637188,0.02307956,38958.25,2022-03-07T16:50:53.853228000Z,buy
coinbase-btc-usd-spot,2022-03-07T16:50:54.055428000Z,292637189,0.00010229,38958.25,2022-03-07T16:50:54.153283000Z,buy
coinbase-btc-usd-spot,2022-03-07T16:50:54.129437000Z,292637190,0.00246211,38958.25,2022-03-07T16:50:54.303675000Z,buy
coinbase-btc-usd-spot,2022-03-07T16:50:54.129437000Z,292637191,0.00244867,38960.44,2022-03-07T16:50:54.303675000Z,buy
coinbase-btc-usd-spot,2022-03-07T16:50:54.484668000Z,292637192,0.02567002,38958.25,2022-03-07T16:50:54.553720000Z,buy
coinbase-btc-usd-spot,2022-03-07T16:50:54.519982000Z,292637193,0.02567002,38958.25,2022-03-07T16:50:54.604180000Z,buy
coinbase-btc-usd-spot,2022-03-07T16:50:54.787423000Z,292637194,0.02256492,38959.83,2022-03-07T16:50:54.853878000Z,buy
coinbase-btc-usd-spot,2022-03-07T16:50:54.886478000Z,292637195,0.00064072,38959.83,2022-03-07T16:50:55.054461000Z,buy
coinbase-btc-usd-spot,2022-03-07T16:50:55.197975000Z,292637196,0.00246286,38959.83,2022-03-07T16:50:55.304116000Z,buy
coinbase-btc-usd-spot,2022-03-07T16:50:55.197975000Z,292637197,0.00065005,38960.44,2022-03-07T16:50:55.304116000Z,buy
coinbase-btc-usd-spot,2022-03-07T16:50:55.421046000Z,292637198,0.06090128,38960.44,2022-03-07T16:50:55.554424000Z,buy
coinbase-btc-usd-spot,2022-03-07T16:50:55.421046000Z,292637199,0.00319872,38961.37,2022-03-07T16:50:55.554424000Z,buy
coinbase-btc-usd-spot,2022-03-07T16:50:55.549913000Z,292637200,0.064,38962.6,2022-03-07T16:50:55.654469000Z,buy
coinbase-btc-usd-spot,2022-03-07T16:50:55.894913000Z,292637201,0.00002554,38964.97,2022-03-07T16:50:56.054733000Z,sell
coinbase-btc-usd-spot,2022-03-07T16:50:56.291586000Z,292637202,0.00203805,38965.01,2022-03-07T16:50:56.355155000Z,buy
coinbase-btc-usd-spot,2022-03-07T16:50:56.817156000Z,292637203,0.00175746,38959.75,2022-03-07T16:50:56.906019000Z,sell
coinbase-btc-usd-spot,2022-03-07T16:50:56.880732000Z,292637204,0.00123023,38956,2022-03-07T16:50:57.055833000Z,sell
coinbase-btc-usd-spot,2022-03-07T16:50:56.880732000Z,292637205,0.00123023,38955.36,2022-03-07T16:50:57.055833000Z,sell
coinbase-btc-usd-spot,2022-03-07T16:50:56.904189000Z,292637206,0.00123023,38953.59,2022-03-07T16:50:57.055833000Z,sell
coinbase-btc-usd-spot,2022-03-07T16:50:56.904189000Z,292637207,0.11933967,38953.58,2022-03-07T16:50:57.055833000Z,sell
coinbase-btc-usd-spot,2022-03-07T16:50:57.099740000Z,292637208,0.00255,38951.34,2022-03-07T16:50:57.305606000Z,sell
coinbase-btc-usd-spot,2022-03-07T16:50:57.103930000Z,292637209,0.00000216,38951.34,2022-03-07T16:50:57.305606000Z,sell
coinbase-btc-usd-spot,2022-03-07T16:50:57.258527000Z,292637210,0.001,38948.27,2022-03-07T16:50:57.355775000Z,sell
coinbase-btc-usd-spot,2022-03-07T16:50:57.258527000Z,292637211,0.05346836,38948.26,2022-03-07T16:50:57.355775000Z,sell
coinbase-btc-usd-spot,2022-03-07T16:50:57.976504000Z,292637212,0.00071518,38947.12,2022-03-07T16:50:58.056733000Z,buy
coinbase-btc-usd-spot,2022-03-07T16:50:58.334562000Z,292637213,0.00249206,38940.98,2022-03-07T16:50:58.406403000Z,sell
coinbase-btc-usd-spot,2022-03-07T16:50:58.334562000Z,292637214,0.04870624,38940.88,2022-03-07T16:50:58.406403000Z,sell
coinbase-btc-usd-spot,2022-03-07T16:50:58.828889000Z,292637215,0.00035667,38946.28,2022-03-07T16:50:58.906274000Z,buy
coinbase-btc-usd-spot,2022-03-07T16:50:59.110839000Z,292637216,0.00084285,38946.3,2022-03-07T16:50:59.202759000Z,buy
coinbase-btc-usd-spot,2022-03-07T16:50:59.154684000Z,292637217,0.06765,38946.29,2022-03-07T16:50:59.307241000Z,sell
coinbase-btc-usd-spot,2022-03-07T16:51:01.261359000Z,292637218,0.00012791,38942.57,2022-03-07T16:51:01.358547000Z,buy
coinbase-btc-usd-spot,2022-03-07T16:51:01.511382000Z,292637219,0.06765,38942.56,2022-03-07T16:51:01.608168000Z,sell
coinbase-btc-usd-spot,2022-03-07T16:51:01.899674000Z,292637220,0.01041728,38938.16,2022-03-07T16:51:02.061516000Z,sell
coinbase-btc-usd-spot,2022-03-07T16:51:01.996340000Z,292637221,0.02761,38938.17,2022-03-07T16:51:02.108962000Z,buy
coinbase-btc-usd-spot,2022-03-07T16:51:01.996340000Z,292637222,0.00213861,38938.17,2022-03-07T16:51:02.108962000Z,buy
coinbase-btc-usd-spot,2022-03-07T16:51:01.996340000Z,292637223,0.02761,38938.29,2022-03-07T16:51:02.108962000Z,buy
coinbase-btc-usd-spot,2022-03-07T16:51:03.170262000Z,292637224,0.04306494,38938.16,2022-03-07T16:51:03.310721000Z,sell
coinbase-btc-usd-spot,2022-03-07T16:51:03.336491000Z,292637225,0.02568769,38937.08,2022-03-07T16:51:03.413544000Z,buy
coinbase-btc-usd-spot,2022-03-07T16:51:03.336491000Z,292637226,0.00149702,38937.97,2022-03-07T16:51:03.413544000Z,buy
coinbase-btc-usd-spot,2022-03-07T16:51:03.336491000Z,292637227,0.385,38937.98,2022-03-07T16:51:03.413544000Z,buy
coinbase-btc-usd-spot,2022-03-07T16:51:03.336491000Z,292637228,0.00396868,38938.21,2022-03-07T16:51:03.413544000Z,buy
coinbase-btc-usd-spot,2022-03-07T16:51:03.368369000Z,292637229,0.00104792,38937.97,2022-03-07T16:51:03.464037000Z,buy
coinbase-btc-usd-spot,2022-03-07T16:51:03.368403000Z,292637230,0.00277807,38939.65,2022-03-07T16:51:03.464037000Z,buy
coinbase-btc-usd-spot,2022-03-07T16:51:03.368403000Z,292637231,0.00585193,38939.66,2022-03-07T16:51:03.464037000Z,buy
coinbase-btc-usd-spot,2022-03-07T16:51:03.388469000Z,292637232,0.0027852,38939.66,2022-03-07T16:51:03.561634000Z,buy
coinbase-btc-usd-spot,2022-03-07T16:51:03.388469000Z,292637233,0.021,38939.83,2022-03-07T16:51:03.561634000Z,buy
coinbase-btc-usd-spot,2022-03-07T16:51:03.388469000Z,292637234,0.06420923,38939.84,2022-03-07T16:51:03.561634000Z,buy
coinbase-btc-usd-spot,2022-03-07T16:51:03.388469000Z,292637235,0.12842236,38939.85,2022-03-07T16:51:03.561634000Z,buy
coinbase-btc-usd-spot,2022-03-07T16:51:03.883609000Z,292637236,0.00708827,38941.31,2022-03-07T16:51:03.968114000Z,sell
coinbase-btc-usd-spot,2022-03-07T16:51:03.883609000Z,292637237,0.00126646,38941.2,2022-03-07T16:51:03.968114000Z,sell
coinbase-btc-usd-spot,2022-03-07T16:51:03.883609000Z,292637238,0.0163113,38941.19,2022-03-07T16:51:03.968114000Z,sell
coinbase-btc-usd-spot,2022-03-07T16:51:03.883609000Z,292637239,0.00126646,38941.03,2022-03-07T16:51:03.968114000Z,sell
coinbase-btc-usd-spot,2022-03-07T16:51:03.883609000Z,292637240,0.04058466,38938.97,2022-03-07T16:51:03.968114000Z,sell
coinbase-btc-usd-spot,2022-03-07T16:51:03.883609000Z,292637241,0.1,38938.95,2022-03-07T16:51:03.968114000Z,sell
coinbase-btc-usd-spot,2022-03-07T16:51:03.883609000Z,292637242,0.01461101,38938.63,2022-03-07T16:51:03.968114000Z,sell
coinbase-btc-usd-spot,2022-03-07T16:51:03.926866000Z,292637243,0.00704458,38941.33,2022-03-07T16:51:04.063366000Z,sell
coinbase-btc-usd-spot,2022-03-07T16:51:03.930574000Z,292637244,0.00704458,38941.33,2022-03-07T16:51:04.063366000Z,sell
coinbase-btc-usd-spot,2022-03-07T16:51:03.942146000Z,292637245,0.001,38941.34,2022-03-07T16:51:04.063366000Z,sell
coinbase-btc-usd-spot,2022-03-07T16:51:03.942146000Z,292637246,0.00384928,38941.33,2022-03-07T16:51:04.063366000Z,sell
coinbase-btc-usd-spot,2022-03-07T16:51:03.942146000Z,292637247,0.00126646,38941.32,2022-03-07T16:51:04.063366000Z,sell
coinbase-btc-usd-spot,2022-03-07T16:51:03.971409000Z,292637248,0.01592116,38941.35,2022-03-07T16:51:04.063366000Z,sell
coinbase-btc-usd-spot,2022-03-07T16:51:03.994944000Z,292637249,0.001,38938.65,2022-03-07T16:51:04.111498000Z,sell
coinbase-btc-usd-spot,2022-03-07T16:51:03.995320000Z,292637250,0.00109,38938.65,2022-03-07T16:51:04.111498000Z,sell
coinbase-btc-usd-spot,2022-03-07T16:51:04.002811000Z,292637251,0.00009523,38934.97,2022-03-07T16:51:04.111498000Z,sell
coinbase-btc-usd-spot,2022-03-07T16:51:04.307284000Z,292637252,0.00255356,38931.08,2022-03-07T16:51:04.413909000Z,buy
coinbase-btc-usd-spot,2022-03-07T16:51:04.486604000Z,292637253,0.00834803,38931.08,2022-03-07T16:51:04.562884000Z,buy
coinbase-btc-usd-spot,2022-03-07T16:51:04.615558000Z,292637254,0.00114084,38931.08,2022-03-07T16:51:04.720728000Z,buy
coinbase-btc-usd-spot,2022-03-07T16:51:04.854744000Z,292637255,0.00127149,38931.08,2022-03-07T16:51:04.970936000Z,buy
coinbase-btc-usd-spot,2022-03-07T16:51:04.919606000Z,292637256,0.00009523,38931.07,2022-03-07T16:51:05.063188000Z,sell
coinbase-btc-usd-spot,2022-03-07T16:51:04.919606000Z,292637257,0.00499094,38927.19,2022-03-07T16:51:05.063188000Z,sell
coinbase-btc-usd-spot,2022-03-07T16:51:04.919606000Z,292637258,0.00009523,38927.18,2022-03-07T16:51:05.063188000Z,sell
coinbase-btc-usd-spot,2022-03-07T16:51:04.919606000Z,292637259,0.00148233,38925.32,2022-03-07T16:51:05.063188000Z,sell
coinbase-btc-usd-spot,2022-03-07T16:51:04.943714000Z,292637260,0.00865337,38931.36,2022-03-07T16:51:05.063188000Z,buy
coinbase-btc-usd-spot,2022-03-07T16:51:04.949851000Z,292637261,0.00194465,38931.35,2022-03-07T16:51:05.063188000Z,buy
coinbase-btc-usd-spot,2022-03-07T16:51:05.045772000Z,292637262,0.00136126,38937.04,2022-03-07T16:51:05.111410000Z,buy
coinbase-btc-usd-spot,2022-03-07T16:51:05.045772000Z,292637263,0.00179191,38937.04,2022-03-07T16:51:05.164995000Z,buy
coinbase-btc-usd-spot,2022-03-07T16:51:05.045772000Z,292637264,0.00136126,38937.22,2022-03-07T16:51:05.164995000Z,buy
coinbase-btc-usd-spot,2022-03-07T16:51:05.045772000Z,292637265,0.00136126,38937.23,2022-03-07T16:51:05.164995000Z,buy
coinbase-btc-usd-spot,2022-03-07T16:51:05.045772000Z,292637266,0.00179191,38937.23,2022-03-07T16:51:05.164995000Z,buy
coinbase-btc-usd-spot,2022-03-07T16:51:05.045772000Z,292637267,0.052,38937.32,2022-03-07T16:51:05.164995000Z,buy
coinbase-btc-usd-spot,2022-03-07T16:51:05.045772000Z,292637268,0.04606896,38937.32,2022-03-07T16:51:05.164995000Z,buy
coinbase-btc-usd-spot,2022-03-07T16:51:05.251447000Z,292637269,0.001,38937.22,2022-03-07T16:51:05.361261000Z,buy
coinbase-btc-usd-spot,2022-03-07T16:51:05.251447000Z,292637270,0.001,38937.31,2022-03-07T16:51:05.361261000Z,buy
coinbase-btc-usd-spot,2022-03-07T16:51:05.520505000Z,292637271,0.0038106,38937.28,2022-03-07T16:51:05.611232000Z,sell
coinbase-btc-usd-spot,2022-03-07T16:51:05.710673000Z,292637272,0.00128324,38937.28,2022-03-07T16:51:05.813875000Z,sell
coinbase-btc-usd-spot,2022-03-07T16:51:06.235568000Z,292637273,0.001,38931.41,2022-03-07T16:51:06.313523000Z,sell
coinbase-btc-usd-spot,2022-03-07T16:51:06.250119000Z,292637274,0.00047281,38935.22,2022-03-07T16:51:06.363052000Z,buy
coinbase-btc-usd-spot,2022-03-07T16:51:06.612684000Z,292637275,0.00122618,38932.83,2022-03-07T16:51:06.724539000Z,buy
coinbase-btc-usd-spot,2022-03-07T16:51:06.780953000Z,292637276,0.00260572,38931.45,2022-03-07T16:51:06.863484000Z,sell
coinbase-btc-usd-spot,2022-03-07T16:51:06.780953000Z,292637277,0.00099428,38931.45,2022-03-07T16:51:06.863484000Z,sell
coinbase-btc-usd-spot,2022-03-07T16:51:06.818816000Z,292637278,0.001824,38931.45,2022-03-07T16:51:06.915429000Z,sell
coinbase-btc-usd-spot,2022-03-07T16:51:06.847019000Z,292637279,0.001,38931.47,2022-03-07T16:51:06.915429000Z,sell
coinbase-btc-usd-spot,2022-03-07T16:51:06.858786000Z,292637280,0.0002768,38931.47,2022-03-07T16:51:06.974022000Z,sell
coinbase-btc-usd-spot,2022-03-07T16:51:06.858786000Z,292637281,0.0007232,38931.47,2022-03-07T16:51:06.974022000Z,sell
coinbase-btc-usd-spot,2022-03-07T16:51:06.862304000Z,292637282,0.00027,38931.47,2022-03-07T16:51:06.974022000Z,sell
coinbase-btc-usd-spot,2022-03-07T16:51:06.869465000Z,292637283,0.0000068,38931.47,2022-03-07T16:51:06.974022000Z,sell
coinbase-btc-usd-spot,2022-03-07T16:51:06.877352000Z,292637284,0.001,38931.47,2022-03-07T16:51:06.974022000Z,sell
coinbase-btc-usd-spot,2022-03-07T16:51:06.889280000Z,292637285,0.001,38931.46,2022-03-07T16:51:06.974022000Z,sell
coinbase-btc-usd-spot,2022-03-07T16:51:07.166592000Z,292637286,0.01058562,38929.48,2022-03-07T16:51:07.314060000Z,buy
coinbase-btc-usd-spot,2022-03-07T16:51:07.460141000Z,292637287,0.00009523,38923.28,2022-03-07T16:51:07.564823000Z,sell
coinbase-btc-usd-spot,2022-03-07T16:51:07.460141000Z,292637288,0.00624102,38922.59,2022-03-07T16:51:07.564823000Z,sell
coinbase-btc-usd-spot,2022-03-07T16:51:08.919388000Z,292637289,0.02057722,38923.59,2022-03-07T16:51:09.065176000Z,sell
coinbase-btc-usd-spot,2022-03-07T16:51:08.919388000Z,292637290,0.00249547,38923.59,2022-03-07T16:51:09.065176000Z,sell
coinbase-btc-usd-spot,2022-03-07T16:51:08.919388000Z,292637291,0.00251466,38923.58,2022-03-07T16:51:09.065176000Z,sell
coinbase-btc-usd-spot,2022-03-07T16:51:09.026771000Z,292637292,0.00255338,38930.05,2022-03-07T16:51:09.114515000Z,buy
coinbase-btc-usd-spot,2022-03-07T16:51:09.084884000Z,292637293,0.00124774,38923.59,2022-03-07T16:51:09.166464000Z,sell
coinbase-btc-usd-spot,2022-03-07T16:51:09.084884000Z,292637294,0.00475427,38923.58,2022-03-07T16:51:09.166464000Z,sell
coinbase-btc-usd-spot,2022-03-07T16:51:09.125233000Z,292637295,0.00189028,38930.03,2022-03-07T16:51:09.227845000Z,buy
coinbase-btc-usd-spot,2022-03-07T16:51:09.695393000Z,292637296,0.04726,38922.59,2022-03-07T16:51:09.822272000Z,sell
coinbase-btc-usd-spot,2022-03-07T16:51:09.695569000Z,292637297,0.0000026,38922.59,2022-03-07T16:51:09.822272000Z,sell
coinbase-btc-usd-spot,2022-03-07T16:51:09.848761000Z,292637298,0.00023025,38919.39,2022-03-07T16:51:10.069552000Z,buy
coinbase-btc-usd-spot,2022-03-07T16:51:09.891004000Z,292637299,0.00009,38919.38,2022-03-07T16:51:10.069552000Z,sell
coinbase-btc-usd-spot,2022-03-07T16:51:09.899939000Z,292637300,0.00000523,38919.38,2022-03-07T16:51:10.069552000Z,sell
coinbase-btc-usd-spot,2022-03-07T16:51:09.942243000Z,292637301,0.01,38917.76,2022-03-07T16:51:10.069552000Z,sell
coinbase-btc-usd-spot,2022-03-07T16:51:10.479473000Z,292637302,0.001,38915.5,2022-03-07T16:51:10.569460000Z,sell
coinbase-btc-usd-spot,2022-03-07T16:51:10.479473000Z,292637303,0.00009523,38915.49,2022-03-07T16:51:10.569460000Z,sell
coinbase-btc-usd-spot,2022-03-07T16:51:10.637082000Z,292637304,0.001,38913.94,2022-03-07T16:51:10.733589000Z,sell
coinbase-btc-usd-spot,2022-03-07T16:51:10.637082000Z,292637305,0.001,38913.93,2022-03-07T16:51:10.733589000Z,sell
coinbase-btc-usd-spot,2022-03-07T16:51:10.637082000Z,292637306,0.001,38913.92,2022-03-07T16:51:10.733589000Z,sell
coinbase-btc-usd-spot,2022-03-07T16:51:10.687118000Z,292637307,0.001,38911.61,2022-03-07T16:51:10.819537000Z,sell
coinbase-btc-usd-spot,2022-03-07T16:51:10.739839000Z,292637308,0.00290624,38912.91,2022-03-07T16:51:10.866784000Z,buy
coinbase-btc-usd-spot,2022-03-07T16:51:10.739839000Z,292637309,0.00290624,38912.92,2022-03-07T16:51:10.866784000Z,buy
coinbase-btc-usd-spot,2022-03-07T16:51:10.739839000Z,292637310,0.01127891,38912.93,2022-03-07T16:51:10.866784000Z,buy
coinbase-btc-usd-spot,2022-03-07T16:51:10.739839000Z,292637311,0.00136508,38914.03,2022-03-07T16:51:10.866784000Z,buy
coinbase-btc-usd-spot,2022-03-07T16:51:10.739839000Z,292637312,0.00167358,38914.03,2022-03-07T16:51:10.866784000Z,buy
coinbase-btc-usd-spot,2022-03-07T16:51:10.897432000Z,292637313,0.001,38911.6,2022-03-07T16:51:10.987550000Z,sell
coinbase-btc-usd-spot,2022-03-07T16:51:10.897432000Z,292637314,0.00009523,38911.59,2022-03-07T16:51:10.987550000Z,sell
coinbase-btc-usd-spot,2022-03-07T16:51:11.276459000Z,292637315,0.001,38908.41,2022-03-07T16:51:11.366971000Z,sell
coinbase-btc-usd-spot,2022-03-07T16:51:11.276459000Z,292637316,0.001,38908.21,2022-03-07T16:51:11.366971000Z,sell
coinbase-btc-usd-spot,2022-03-07T16:51:11.276459000Z,292637317,0.001,38907.76,2022-03-07T16:51:11.366971000Z,sell
coinbase-btc-usd-spot,2022-03-07T16:51:11.276459000Z,292637318,0.001,38907.7,2022-03-07T16:51:11.366971000Z,sell
coinbase-btc-usd-spot,2022-03-07T16:51:11.276459000Z,292637319,0.00009523,38907.69,2022-03-07T16:51:11.366971000Z,sell
coinbase-btc-usd-spot,2022-03-07T16:51:11.276459000Z,292637320,0.005,38907.42,2022-03-07T16:51:11.366971000Z,sell
coinbase-btc-usd-spot,2022-03-07T16:51:11.276459000Z,292637321,0.1,38906.95,2022-03-07T16:51:11.366971000Z,sell
coinbase-btc-usd-spot,2022-03-07T16:51:11.422418000Z,292637322,0.00104444,38906.38,2022-03-07T16:51:11.569843000Z,sell
coinbase-btc-usd-spot,2022-03-07T16:51:11.584909000Z,292637323,0.001,38904.77,2022-03-07T16:51:11.672981000Z,sell
coinbase-btc-usd-spot,2022-03-07T16:51:11.584909000Z,292637324,0.05352815,38904.76,2022-03-07T16:51:11.672981000Z,sell
coinbase-btc-usd-spot,2022-03-07T16:51:11.584909000Z,292637325,0.02469701,38904.76,2022-03-07T16:51:11.672981000Z,sell
coinbase-btc-usd-spot,2022-03-07T16:51:11.631171000Z,292637326,0.00009,38903.8,2022-03-07T16:51:11.825279000Z,sell
coinbase-btc-usd-spot,2022-03-07T16:51:11.631428000Z,292637327,0.00000523,38903.8,2022-03-07T16:51:11.825279000Z,sell
coinbase-btc-usd-spot,2022-03-07T16:51:11.662208000Z,292637328,0.00103895,38900,2022-03-07T16:51:11.825279000Z,sell
coinbase-btc-usd-spot,2022-03-07T16:51:11.662208000Z,292637329,0.00002933,38900,2022-03-07T16:51:11.825279000Z,sell
coinbase-btc-usd-spot,2022-03-07T16:51:11.662208000Z,292637330,0.0100758,38900,2022-03-07T16:51:11.825279000Z,sell
coinbase-btc-usd-spot,2022-03-07T16:51:11.662208000Z,292637331,0.00122572,38900,2022-03-07T16:51:11.825279000Z,sell
coinbase-btc-usd-spot,2022-03-07T16:51:11.662208000Z,292637332,0.0803202,38900,2022-03-07T16:51:11.825279000Z,sell
coinbase-btc-usd-spot,2022-03-07T16:51:11.670964000Z,292637333,0.23601,38900,2022-03-07T16:51:11.825279000Z,sell
coinbase-btc-usd-spot,2022-03-07T16:51:11.694744000Z,292637334,0.1,38900,2022-03-07T16:51:11.825279000Z,sell
coinbase-btc-usd-spot,2022-03-07T16:51:11.695399000Z,292637335,0.09780862,38900,2022-03-07T16:51:11.825279000Z,sell
coinbase-btc-usd-spot,2022-03-07T16:51:11.695399000Z,292637336,0.00009523,38899.9,2022-03-07T16:51:11.825279000Z,sell
coinbase-btc-usd-spot,2022-03-07T16:51:11.709466000Z,292637337,0.002,38896.59,2022-03-07T16:51:11.825279000Z,sell
coinbase-btc-usd-spot,2022-03-07T16:51:11.709466000Z,292637338,0.00008477,38896,2022-03-07T16:51:11.825279000Z,sell
coinbase-btc-usd-spot,2022-03-07T16:51:11.709466000Z,292637339,0.00103922,38890,2022-03-07T16:51:11.825279000Z,sell
coinbase-btc-usd-spot,2022-03-07T16:51:11.709466000Z,292637340,0.038,38889.29,2022-03-07T16:51:11.825279000Z,sell
coinbase-btc-usd-spot,2022-03-07T16:51:11.709466000Z,292637341,0.05887601,38888.87,2022-03-07T16:51:11.825279000Z,sell
coinbase-btc-usd-spot,2022-03-07T16:51:11.741867000Z,292637342,0.00421765,38888.87,2022-03-07T16:51:11.867970000Z,sell
coinbase-btc-usd-spot,2022-03-07T16:51:12.003670000Z,292637343,0.02571,38895,2022-03-07T16:51:12.119840000Z,buy
coinbase-btc-usd-spot,2022-03-07T16:51:12.064323000Z,292637344,0.00000449,38895,2022-03-07T16:51:12.175114000Z,buy
coinbase-btc-usd-spot,2022-03-07T16:51:12.064323000Z,292637345,0.12856796,38896.76,2022-03-07T16:51:12.175114000Z,buy
coinbase-btc-usd-spot,2022-03-07T16:51:12.110969000Z,292637346,0.001,38896.76,2022-03-07T16:51:12.325000000Z,sell
coinbase-btc-usd-spot,2022-03-07T16:51:12.110969000Z,292637347,0.06765,38896.75,2022-03-07T16:51:12.325000000Z,sell
coinbase-btc-usd-spot,2022-03-07T16:51:12.110969000Z,292637348,0.01530891,38895.53,2022-03-07T16:51:12.325000000Z,sell
coinbase-btc-usd-spot,2022-03-07T16:51:12.110969000Z,292637349,0.01565611,38895.49,2022-03-07T16:51:12.325000000Z,sell
coinbase-btc-usd-spot,2022-03-07T16:51:12.110969000Z,292637350,0.00290104,38895,2022-03-07T16:51:12.325000000Z,sell
coinbase-btc-usd-spot,2022-03-07T16:51:12.110969000Z,292637351,0.1,38894.99,2022-03-07T16:51:12.325000000Z,sell
coinbase-btc-usd-spot,2022-03-07T16:51:12.110969000Z,292637352,0.01370378,38894.99,2022-03-07T16:51:12.325000000Z,sell
coinbase-btc-usd-spot,2022-03-07T16:51:12.110969000Z,292637353,0.00290104,38894.99,2022-03-07T16:51:12.325000000Z,sell
coinbase-btc-usd-spot,2022-03-07T16:51:12.205998000Z,292637354,0.00156889,38897.78,2022-03-07T16:51:12.325000000Z,buy
coinbase-btc-usd-spot,2022-03-07T16:51:12.205998000Z,292637355,0.02571365,38897.79,2022-03-07T16:51:12.325000000Z,buy
coinbase-btc-usd-spot,2022-03-07T16:51:12.205998000Z,292637356,0.00126889,38898.22,2022-03-07T16:51:12.325000000Z,buy
coinbase-btc-usd-spot,2022-03-07T16:51:12.246563000Z,292637357,0.00146066,38898.22,2022-03-07T16:51:12.325000000Z,sell
coinbase-btc-usd-spot,2022-03-07T16:51:12.246563000Z,292637358,0.06765,38898.21,2022-03-07T16:51:12.325000000Z,sell
coinbase-btc-usd-spot,2022-03-07T16:51:12.331454000Z,292637359,0.01259014,38898.2,2022-03-07T16:51:12.424931000Z,buy
coinbase-btc-usd-spot,2022-03-07T16:51:12.397296000Z,292637360,0.00116041,38897.78,2022-03-07T16:51:12.574952000Z,sell
coinbase-btc-usd-spot,2022-03-07T16:51:12.397296000Z,292637361,0.00128244,38897.77,2022-03-07T16:51:12.574952000Z,sell
coinbase-btc-usd-spot,2022-03-07T16:51:12.397296000Z,292637362,0.00116041,38897.77,2022-03-07T16:51:12.574952000Z,sell
coinbase-btc-usd-spot,2022-03-07T16:51:13.010581000Z,292637363,0.00060039,38893.95,2022-03-07T16:51:13.119700000Z,buy
coinbase-btc-usd-spot,2022-03-07T16:51:13.351340000Z,292637364,0.01409634,38893.48,2022-03-07T16:51:13.503171000Z,buy
coinbase-btc-usd-spot,2022-03-07T16:51:13.351340000Z,292637365,0.001,38893.48,2022-03-07T16:51:13.503171000Z,buy
coinbase-btc-usd-spot,2022-03-07T16:51:13.351340000Z,292637366,0.00645706,38893.49,2022-03-07T16:51:13.503171000Z,buy
coinbase-btc-usd-spot,2022-03-07T16:51:13.355836000Z,292637367,0.02410847,38893.47,2022-03-07T16:51:13.503171000Z,buy
coinbase-btc-usd-spot,2022-03-07T16:51:13.355836000Z,292637368,0.00356791,38893.62,2022-03-07T16:51:13.503171000Z,buy
coinbase-btc-usd-spot,2022-03-07T16:51:13.895241000Z,292637369,0.00863802,38893.7,2022-03-07T16:51:14.002997000Z,sell
coinbase-btc-usd-spot,2022-03-07T16:51:14.306319000Z,292637370,0.00137783,38889.75,2022-03-07T16:51:14.370536000Z,sell
coinbase-btc-usd-spot,2022-03-07T16:51:14.306319000Z,292637371,0.00078712,38888.84,2022-03-07T16:51:14.426453000Z,sell
coinbase-btc-usd-spot,2022-03-07T16:51:14.306319000Z,292637372,0.152517,38887.33,2022-03-07T16:51:14.426453000Z,sell
coinbase-btc-usd-spot,2022-03-07T16:51:14.365524000Z,292637373,0.0143109,38887.33,2022-03-07T16:51:14.505589000Z,sell
coinbase-btc-usd-spot,2022-03-07T16:51:14.416003000Z,292637374,0.00103552,38890.69,2022-03-07T16:51:14.505589000Z,buy
coinbase-btc-usd-spot,2022-03-07T16:51:14.416003000Z,292637375,0.00153583,38890.69,2022-03-07T16:51:14.505589000Z,buy
coinbase-btc-usd-spot,2022-03-07T16:51:14.589552000Z,292637376,0.001,38887.34,2022-03-07T16:51:14.675984000Z,sell
coinbase-btc-usd-spot,2022-03-07T16:51:14.589552000Z,292637377,0.002,38886.66,2022-03-07T16:51:14.675984000Z,sell
coinbase-btc-usd-spot,2022-03-07T16:51:14.589552000Z,292637378,0.00122037,38886.33,2022-03-07T16:51:14.675984000Z,sell
coinbase-btc-usd-spot,2022-03-07T16:51:14.589552000Z,292637379,0.0019026,38885.69,2022-03-07T16:51:14.675984000Z,sell
coinbase-btc-usd-spot,2022-03-07T16:51:14.589552000Z,292637380,0.01665388,38885.69,2022-03-07T16:51:14.675984000Z,sell
coinbase-btc-usd-spot,2022-03-07T16:51:14.589552000Z,292637381,0.1,38885.66,2022-03-07T16:51:14.675984000Z,sell
coinbase-btc-usd-spot,2022-03-07T16:51:14.589552000Z,292637382,0.00040736,38885.27,2022-03-07T16:51:14.675984000Z,sell
coinbase-btc-usd-spot,2022-03-07T16:51:14.589552000Z,292637383,0.00011139,38885.21,2022-03-07T16:51:14.755251000Z,sell
coinbase-btc-usd-spot,2022-03-07T16:51:14.589552000Z,292637384,0.00002945,38885,2022-03-07T16:51:14.755251000Z,sell
coinbase-btc-usd-spot,2022-03-07T16:51:14.589552000Z,292637385,0.045603,38884.2,2022-03-07T16:51:14.755251000Z,sell
coinbase-btc-usd-spot,2022-03-07T16:51:14.589552000Z,292637386,0.038,38884.14,2022-03-07T16:51:14.755251000Z,sell
coinbase-btc-usd-spot,2022-03-07T16:51:14.589552000Z,292637387,0.00456879,38883.37,2022-03-07T16:51:14.755251000Z,sell
coinbase-btc-usd-spot,2022-03-07T16:51:14.589552000Z,292637388,0.11762613,38882.62,2022-03-07T16:51:14.755251000Z,sell
coinbase-btc-usd-spot,2022-03-07T16:51:15.027810000Z,292637389,0.01799732,38886.75,2022-03-07T16:51:15.122050000Z,buy
coinbase-btc-usd-spot,2022-03-07T16:51:15.027810000Z,292637390,0.00102486,38887.03,2022-03-07T16:51:15.122050000Z,buy
coinbase-btc-usd-spot,2022-03-07T16:51:15.027810000Z,292637391,0.01296406,38887.06,2022-03-07T16:51:15.122050000Z,buy
coinbase-btc-usd-spot,2022-03-07T16:51:15.059352000Z,292637392,0.00102,38886.74,2022-03-07T16:51:15.176272000Z,buy
coinbase-btc-usd-spot,2022-03-07T16:51:15.084420000Z,292637393,0.00000486,38886.74,2022-03-07T16:51:15.176272000Z,buy
coinbase-btc-usd-spot,2022-03-07T16:51:15.084420000Z,292637394,0.00005446,38893.35,2022-03-07T16:51:15.176272000Z,buy
coinbase-btc-usd-spot,2022-03-07T16:51:15.111198000Z,292637395,0.00274642,38888.88,2022-03-07T16:51:15.256976000Z,sell
coinbase-btc-usd-spot,2022-03-07T16:51:15.440489000Z,292637396,0.00107508,38894.54,2022-03-07T16:51:15.508353000Z,buy
coinbase-btc-usd-spot,2022-03-07T16:51:15.440489000Z,292637397,0.00107508,38895.64,2022-03-07T16:51:15.508353000Z,buy
coinbase-btc-usd-spot,2022-03-07T16:51:15.440489000Z,292637398,0.00728686,38895.65,2022-03-07T16:51:15.576927000Z,buy
coinbase-btc-usd-spot,2022-03-07T16:51:15.456652000Z,292637399,0.00047317,38894.53,2022-03-07T16:51:15.576927000Z,buy
coinbase-btc-usd-spot,2022-03-07T16:51:15.668811000Z,292637400,0.00560069,38889.82,2022-03-07T16:51:15.761820000Z,sell
coinbase-btc-usd-spot,2022-03-07T16:51:15.668811000Z,292637401,0.00159005,38889.69,2022-03-07T16:51:15.761820000Z,sell
coinbase-btc-usd-spot,2022-03-07T16:51:15.668811000Z,292637402,0.00725358,38888.88,2022-03-07T16:51:15.761820000Z,sell
coinbase-btc-usd-spot,2022-03-07T16:51:15.668811000Z,292637403,0.045602,38886.95,2022-03-07T16:51:15.761820000Z,sell
coinbase-btc-usd-spot,2022-03-07T16:51:15.668811000Z,292637404,0.02512,38885.89,2022-03-07T16:51:15.761820000Z,sell
coinbase-btc-usd-spot,2022-03-07T16:51:15.668811000Z,292637405,0.002,38884.65,2022-03-07T16:51:15.761820000Z,sell
coinbase-btc-usd-spot,2022-03-07T16:51:15.668811000Z,292637406,0.07855525,38882.62,2022-03-07T16:51:15.761820000Z,sell
coinbase-btc-usd-spot,2022-03-07T16:51:15.668811000Z,292637407,0.00036742,38882.52,2022-03-07T16:51:15.761820000Z,sell
coinbase-btc-usd-spot,2022-03-07T16:51:15.668811000Z,292637408,0.045602,38881.71,2022-03-07T16:51:15.761820000Z,sell
coinbase-btc-usd-spot,2022-03-07T16:51:15.668811000Z,292637409,0.00668852,38881.35,2022-03-07T16:51:15.761820000Z,sell
coinbase-btc-usd-spot,2022-03-07T16:51:15.668811000Z,292637410,0.09887827,38880.31,2022-03-07T16:51:15.761820000Z,sell
coinbase-btc-usd-spot,2022-03-07T16:51:15.735246000Z,292637411,0.00159005,38889.83,2022-03-07T16:51:15.827184000Z,sell
coinbase-btc-usd-spot,2022-03-07T16:51:16.596229000Z,292637412,0.001,38884.37,2022-03-07T16:51:16.677148000Z,buy
coinbase-btc-usd-spot,2022-03-07T16:51:16.596229000Z,292637413,0.00045608,38884.37,2022-03-07T16:51:16.677148000Z,buy
coinbase-btc-usd-spot,2022-03-07T16:51:16.855537000Z,292637414,0.0009079,38884.37,2022-03-07T16:51:16.927031000Z,buy
coinbase-btc-usd-spot,2022-03-07T16:51:16.855537000Z,292637415,0.001,38884.37,2022-03-07T16:51:16.927031000Z,buy
coinbase-btc-usd-spot,2022-03-07T16:51:16.855537000Z,292637416,0.01421426,38884.41,2022-03-07T16:51:16.927031000Z,buy
coinbase-btc-usd-spot,2022-03-07T16:51:16.855537000Z,292637417,0.045612,38884.6,2022-03-07T16:51:17.012254000Z,buy
coinbase-btc-usd-spot,2022-03-07T16:51:16.883927000Z,292637418,0.01302077,38884.41,2022-03-07T16:51:17.012254000Z,sell
coinbase-btc-usd-spot,2022-03-07T16:51:16.883927000Z,292637419,0.10147,38884.4,2022-03-07T16:51:17.012254000Z,sell
coinbase-btc-usd-spot,2022-03-07T16:51:16.883927000Z,292637420,0.06765,38884.36,2022-03-07T16:51:17.012254000Z,sell
coinbase-btc-usd-spot,2022-03-07T16:51:16.897642000Z,292637421,0.01666922,38881.85,2022-03-07T16:51:17.012254000Z,sell
coinbase-btc-usd-spot,2022-03-07T16:51:17.047280000Z,292637422,0.001,38886.42,2022-03-07T16:51:17.124039000Z,buy
coinbase-btc-usd-spot,2022-03-07T16:51:17.047280000Z,292637423,0.001,38886.43,2022-03-07T16:51:17.124039000Z,buy
coinbase-btc-usd-spot,2022-03-07T16:51:17.047280000Z,292637424,0.001,38886.45,2022-03-07T16:51:17.124039000Z,buy
coinbase-btc-usd-spot,2022-03-07T16:51:17.047280000Z,292637425,0.0186782,38886.46,2022-03-07T16:51:17.124039000Z,buy
coinbase-btc-usd-spot,2022-03-07T16:51:17.050851000Z,292637426,0.01302077,38887.64,2022-03-07T16:51:17.124039000Z,buy
coinbase-btc-usd-spot,2022-03-07T16:51:17.050851000Z,292637427,0.02512,38887.65,2022-03-07T16:51:17.124039000Z,buy
coinbase-btc-usd-spot,2022-03-07T16:51:17.050851000Z,292637428,0.00296249,38887.71,2022-03-07T16:51:17.124039000Z,buy
coinbase-btc-usd-spot,2022-03-07T16:51:17.050851000Z,292637429,0.00296249,38887.72,2022-03-07T16:51:17.124039000Z,buy
coinbase-btc-usd-spot,2022-03-07T16:51:17.071281000Z,292637430,0.001,38887.63,2022-03-07T16:51:17.177303000Z,buy
coinbase-btc-usd-spot,2022-03-07T16:51:17.071281000Z,292637431,0.00196249,38888.11,2022-03-07T16:51:17.177303000Z,buy
coinbase-btc-usd-spot,2022-03-07T16:51:17.083398000Z,292637432,0.001,38887.47,2022-03-07T16:51:17.177303000Z,buy
coinbase-btc-usd-spot,2022-03-07T16:51:17.083398000Z,292637433,0.001185,38887.47,2022-03-07T16:51:17.177303000Z,buy
coinbase-btc-usd-spot,2022-03-07T16:51:17.083398000Z,292637434,0.00077749,38888.36,2022-03-07T16:51:17.177303000Z,buy
coinbase-btc-usd-spot,2022-03-07T16:51:17.288763000Z,292637435,0.001,38888.09,2022-03-07T16:51:17.373701000Z,buy
coinbase-btc-usd-spot,2022-03-07T16:51:17.288763000Z,292637436,0.00022618,38888.09,2022-03-07T16:51:17.373701000Z,buy
coinbase-btc-usd-spot,2022-03-07T16:51:17.892534000Z,292637437,0.00261307,38882.73,2022-03-07T16:51:18.022882000Z,sell
coinbase-btc-usd-spot,2022-03-07T16:51:17.898555000Z,292637438,0.00261307,38882.24,2022-03-07T16:51:18.022882000Z,sell
coinbase-btc-usd-spot,2022-03-07T16:51:17.898555000Z,292637439,0.00103949,38880,2022-03-07T16:51:18.022882000Z,sell
coinbase-btc-usd-spot,2022-03-07T16:51:17.898555000Z,292637440,0.00081738,38879.47,2022-03-07T16:51:18.022882000Z,sell
