market,time,coin_metrics_id,amount,price,database_time,side
coinbase-btc-usd-spot,2022-03-06T15:05:30.062471000Z,292125857,0.00123151,38772.94,2022-03-06T15:05:30.289699000Z,buy
coinbase-btc-usd-spot,2022-03-06T15:05:30.656952000Z,292125858,0.00022888,38773.65,2022-03-06T15:05:30.789983000Z,buy
coinbase-btc-usd-spot,2022-03-06T15:05:31.423354000Z,292125859,0.00023115,38771.6,2022-03-06T15:05:31.540261000Z,buy
coinbase-btc-usd-spot,2022-03-06T15:05:34.229666000Z,292125860,0.00459029,38770.84,2022-03-06T15:05:34.304455000Z,buy
coinbase-btc-usd-spot,2022-03-06T15:05:34.229666000Z,292125861,0.00172864,38770.85,2022-03-06T15:05:34.304455000Z,buy
coinbase-btc-usd-spot,2022-03-06T15:05:35.101077000Z,292125862,0.00048021,38770.85,2022-03-06T15:05:35.291861000Z,buy
coinbase-btc-usd-spot,2022-03-06T15:05:35.101077000Z,292125863,0.00012303,38773.31,2022-03-06T15:05:35.291861000Z,buy
coinbase-btc-usd-spot,2022-03-06T15:05:35.166291000Z,292125864,0.0001,38770.22,2022-03-06T15:05:35.291861000Z,sell
coinbase-btc-usd-spot,2022-03-06T15:05:36.895672000Z,292125865,0.00377161,38773.3,2022-03-06T15:05:37.043033000Z,buy
coinbase-btc-usd-spot,2022-03-06T15:05:36.973764000Z,292125866,0.00044883,38775.86,2022-03-06T15:05:37.043033000Z,buy
coinbase-btc-usd-spot,2022-03-06T15:05:36.973764000Z,292125867,0.00025117,38776.34,2022-03-06T15:05:37.043033000Z,buy
coinbase-btc-usd-spot,2022-03-06T15:05:37.524320000Z,292125868,0.0019207,38774.61,2022-03-06T15:05:37.662200000Z,buy
coinbase-btc-usd-spot,2022-03-06T15:05:37.524320000Z,292125869,0.00178083,38774.62,2022-03-06T15:05:37.662200000Z,buy
coinbase-btc-usd-spot,2022-03-06T15:05:38.737159000Z,292125870,0.00052634,38775.67,2022-03-06T15:05:38.806752000Z,buy
coinbase-btc-usd-spot,2022-03-06T15:05:39.126402000Z,292125871,0.00047483,38776.81,2022-03-06T15:05:39.293667000Z,buy
coinbase-btc-usd-spot,2022-03-06T15:05:39.189842000Z,292125872,0.00246498,38776.81,2022-03-06T15:05:39.293667000Z,buy
coinbase-btc-usd-spot,2022-03-06T15:05:40.274222000Z,292125873,0.00097823,38776.8,2022-03-06T15:05:40.414461000Z,buy
coinbase-btc-usd-spot,2022-03-06T15:05:40.274222000Z,292125874,0.00148879,38776.81,2022-03-06T15:05:40.414461000Z,buy
coinbase-btc-usd-spot,2022-03-06T15:05:42.148954000Z,292125875,0.02305196,38776.31,2022-03-06T15:05:42.295708000Z,sell
coinbase-btc-usd-spot,2022-03-06T15:05:42.148954000Z,292125876,0.01694804,38776.06,2022-03-06T15:05:42.295708000Z,sell
coinbase-btc-usd-spot,2022-03-06T15:05:42.166300000Z,292125877,0.00524,38776.06,2022-03-06T15:05:42.295708000Z,sell
coinbase-btc-usd-spot,2022-03-06T15:05:42.178372000Z,292125878,0.00000259,38776.06,2022-03-06T15:05:42.295708000Z,sell
coinbase-btc-usd-spot,2022-03-06T15:05:42.178372000Z,292125879,0.000028,38775.38,2022-03-06T15:05:42.295708000Z,sell
coinbase-btc-usd-spot,2022-03-06T15:05:42.178372000Z,292125880,0.000223,38775.38,2022-03-06T15:05:42.295708000Z,sell
coinbase-btc-usd-spot,2022-03-06T15:05:42.178372000Z,292125881,0.00027641,38775.38,2022-03-06T15:05:42.295708000Z,sell
coinbase-btc-usd-spot,2022-03-06T15:05:42.254161000Z,292125882,0.00000759,38775.38,2022-03-06T15:05:42.418472000Z,sell
coinbase-btc-usd-spot,2022-03-06T15:05:42.508000000Z,292125883,0.00067326,38770,2022-03-06T15:05:42.671246000Z,buy
coinbase-btc-usd-spot,2022-03-06T15:05:42.508000000Z,292125884,0.00189814,38770.43,2022-03-06T15:05:42.671246000Z,buy
coinbase-btc-usd-spot,2022-03-06T15:05:42.508000000Z,292125885,0.00385396,38770.44,2022-03-06T15:05:42.671246000Z,buy
coinbase-btc-usd-spot,2022-03-06T15:05:42.508000000Z,292125886,0.00652734,38770.51,2022-03-06T15:05:42.671246000Z,buy
coinbase-btc-usd-spot,2022-03-06T15:05:42.722689000Z,292125887,0.00075811,38767.72,2022-03-06T15:05:42.795929000Z,buy
coinbase-btc-usd-spot,2022-03-06T15:05:43.510933000Z,292125888,0.00060332,38766.92,2022-03-06T15:05:43.670055000Z,buy
coinbase-btc-usd-spot,2022-03-06T15:05:43.522617000Z,292125889,0.00121998,38766.93,2022-03-06T15:05:43.670055000Z,buy
coinbase-btc-usd-spot,2022-03-06T15:05:44.425719000Z,292125890,0.00320486,38765.59,2022-03-06T15:05:44.547108000Z,buy
coinbase-btc-usd-spot,2022-03-06T15:05:44.498173000Z,292125891,0.00163,38764.82,2022-03-06T15:05:44.672929000Z,sell
coinbase-btc-usd-spot,2022-03-06T15:05:45.044062000Z,292125892,0.00155976,38765.56,2022-03-06T15:05:45.173654000Z,buy
coinbase-btc-usd-spot,2022-03-06T15:05:46.552616000Z,292125893,0.0011038,38765.57,2022-03-06T15:05:46.675748000Z,buy
coinbase-btc-usd-spot,2022-03-06T15:05:48.228804000Z,292125894,0.00014472,38764.8,2022-03-06T15:05:48.298724000Z,sell
coinbase-btc-usd-spot,2022-03-06T15:05:48.683087000Z,292125895,0.00041951,38764.82,2022-03-06T15:05:48.799093000Z,buy
coinbase-btc-usd-spot,2022-03-06T15:05:50.856168000Z,292125896,0.001,38764.81,2022-03-06T15:05:51.050170000Z,buy
coinbase-btc-usd-spot,2022-03-06T15:05:50.856168000Z,292125897,0.00023205,38764.82,2022-03-06T15:05:51.050170000Z,buy
coinbase-btc-usd-spot,2022-03-06T15:05:51.431364000Z,292125898,0.01266653,38764.81,2022-03-06T15:05:51.550531000Z,sell
coinbase-btc-usd-spot,2022-03-06T15:05:51.431364000Z,292125899,0.001,38764.81,2022-03-06T15:05:51.550531000Z,sell
coinbase-btc-usd-spot,2022-03-06T15:05:51.442298000Z,292125900,0.0002,38764.78,2022-03-06T15:05:51.550531000Z,sell
coinbase-btc-usd-spot,2022-03-06T15:05:51.442298000Z,292125901,0.059717,38764.54,2022-03-06T15:05:51.550531000Z,sell
coinbase-btc-usd-spot,2022-03-06T15:05:51.442298000Z,292125902,0.003872,38764.53,2022-03-06T15:05:51.550531000Z,sell
coinbase-btc-usd-spot,2022-03-06T15:05:51.710225000Z,292125903,0.00059733,38764.8,2022-03-06T15:05:51.800614000Z,buy
coinbase-btc-usd-spot,2022-03-06T15:05:52.351749000Z,292125904,0.00341696,38763.23,2022-03-06T15:05:52.551094000Z,sell
coinbase-btc-usd-spot,2022-03-06T15:05:52.351749000Z,292125905,0.00088651,38762.84,2022-03-06T15:05:52.551094000Z,sell
coinbase-btc-usd-spot,2022-03-06T15:05:53.555066000Z,292125906,0.00123195,38764.72,2022-03-06T15:05:53.688330000Z,buy
coinbase-btc-usd-spot,2022-03-06T15:05:54.076033000Z,292125907,0.007759,38765.91,2022-03-06T15:05:54.187292000Z,buy
coinbase-btc-usd-spot,2022-03-06T15:05:54.076033000Z,292125908,0.00064055,38766.22,2022-03-06T15:05:54.187292000Z,buy
coinbase-btc-usd-spot,2022-03-06T15:05:54.076033000Z,292125909,0.01688458,38766.22,2022-03-06T15:05:54.187292000Z,buy
coinbase-btc-usd-spot,2022-03-06T15:05:54.891859000Z,292125910,0.00022953,38764.45,2022-03-06T15:05:55.051946000Z,buy
coinbase-btc-usd-spot,2022-03-06T15:05:54.927273000Z,292125911,0.0213,38764.44,2022-03-06T15:05:55.051946000Z,sell
coinbase-btc-usd-spot,2022-03-06T15:05:55.117581000Z,292125912,0.02,38763.23,2022-03-06T15:05:55.302124000Z,sell
coinbase-btc-usd-spot,2022-03-06T15:05:55.168524000Z,292125913,0.00011666,38762.53,2022-03-06T15:05:55.302124000Z,sell
coinbase-btc-usd-spot,2022-03-06T15:05:55.339874000Z,292125914,0.00028118,38762.54,2022-03-06T15:05:55.438597000Z,buy
coinbase-btc-usd-spot,2022-03-06T15:05:55.397764000Z,292125915,0.03788334,38762.53,2022-03-06T15:05:55.552462000Z,sell
coinbase-btc-usd-spot,2022-03-06T15:05:56.378469000Z,292125916,0.00171731,38758.8,2022-03-06T15:05:56.552550000Z,buy
coinbase-btc-usd-spot,2022-03-06T15:05:56.378469000Z,292125917,0.0082602,38758.8,2022-03-06T15:05:56.552550000Z,buy
coinbase-btc-usd-spot,2022-03-06T15:05:56.378469000Z,292125918,0.001,38758.81,2022-03-06T15:05:56.552550000Z,buy
coinbase-btc-usd-spot,2022-03-06T15:05:56.378469000Z,292125919,0.001,38758.82,2022-03-06T15:05:56.552550000Z,buy
coinbase-btc-usd-spot,2022-03-06T15:05:56.378469000Z,292125920,0.001,38758.83,2022-03-06T15:05:56.552550000Z,buy
coinbase-btc-usd-spot,2022-03-06T15:05:56.378469000Z,292125921,0.02580246,38760.04,2022-03-06T15:05:56.552550000Z,buy
coinbase-btc-usd-spot,2022-03-06T15:05:56.378469000Z,292125922,0.00444097,38761.62,2022-03-06T15:05:56.552550000Z,buy
coinbase-btc-usd-spot,2022-03-06T15:05:56.378469000Z,292125923,0.00877906,38761.93,2022-03-06T15:05:56.552550000Z,buy
coinbase-btc-usd-spot,2022-03-06T15:05:56.608228000Z,292125924,0.00041469,38759.25,2022-03-06T15:05:56.802524000Z,sell
coinbase-btc-usd-spot,2022-03-06T15:05:57.822711000Z,292125925,0.001,38761.48,2022-03-06T15:05:57.897286000Z,buy
coinbase-btc-usd-spot,2022-03-06T15:05:57.822711000Z,292125926,0.00120212,38761.48,2022-03-06T15:05:57.897286000Z,buy
coinbase-btc-usd-spot,2022-03-06T15:05:57.822711000Z,292125927,0.001,38761.49,2022-03-06T15:05:57.897286000Z,buy
coinbase-btc-usd-spot,2022-03-06T15:05:57.822711000Z,292125928,0.001,38761.5,2022-03-06T15:05:57.897286000Z,buy
coinbase-btc-usd-spot,2022-03-06T15:05:57.822711000Z,292125929,0.001,38761.51,2022-03-06T15:05:57.897286000Z,buy
coinbase-btc-usd-spot,2022-03-06T15:05:57.822711000Z,292125930,0.00795693,38761.56,2022-03-06T15:05:57.941792000Z,buy
coinbase-btc-usd-spot,2022-03-06T15:05:58.116224000Z,292125931,0.001,38761.49,2022-03-06T15:05:58.303511000Z,buy
coinbase-btc-usd-spot,2022-03-06T15:05:58.116224000Z,292125932,0.00793019,38761.5,2022-03-06T15:05:58.303511000Z,buy
coinbase-btc-usd-spot,2022-03-06T15:05:58.116224000Z,292125933,0.001,38761.52,2022-03-06T15:05:58.303511000Z,buy
coinbase-btc-usd-spot,2022-03-06T15:05:58.116224000Z,292125934,0.001,38761.53,2022-03-06T15:05:58.303511000Z,buy
coinbase-btc-usd-spot,2022-03-06T15:05:58.116224000Z,292125935,0.001,38761.54,2022-03-06T15:05:58.303511000Z,buy
coinbase-btc-usd-spot,2022-03-06T15:05:58.116224000Z,292125936,0.001,38761.55,2022-03-06T15:05:58.303511000Z,buy
coinbase-btc-usd-spot,2022-03-06T15:05:58.116224000Z,292125937,0.00395172,38761.56,2022-03-06T15:05:58.303511000Z,buy
coinbase-btc-usd-spot,2022-03-06T15:05:58.116224000Z,292125938,0.00045635,38761.56,2022-03-06T15:05:58.303511000Z,buy
coinbase-btc-usd-spot,2022-03-06T15:05:58.116224000Z,292125939,0.00794059,38762.82,2022-03-06T15:05:58.303511000Z,buy
coinbase-btc-usd-spot,2022-03-06T15:05:59.478082000Z,292125940,0.00087271,38761.47,2022-03-06T15:05:59.553903000Z,buy
coinbase-btc-usd-spot,2022-03-06T15:05:59.816537000Z,292125941,0.00198923,38761.48,2022-03-06T15:05:59.943972000Z,buy
coinbase-btc-usd-spot,2022-03-06T15:05:59.816537000Z,292125942,0.0209593,38762.97,2022-03-06T15:05:59.943972000Z,buy
coinbase-btc-usd-spot,2022-03-06T15:06:00.716196000Z,292125943,0.00040057,38764.65,2022-03-06T15:06:00.804486000Z,buy
coinbase-btc-usd-spot,2022-03-06T15:06:00.716196000Z,292125944,0.01194099,38767.53,2022-03-06T15:06:00.804486000Z,buy
coinbase-btc-usd-spot,2022-03-06T15:06:03.239268000Z,292125945,0.00034674,38764.95,2022-03-06T15:06:03.305653000Z,buy
coinbase-btc-usd-spot,2022-03-06T15:06:03.977641000Z,292125946,0.00198924,38765.51,2022-03-06T15:06:04.056659000Z,buy
coinbase-btc-usd-spot,2022-03-06T15:06:03.977641000Z,292125947,0.00102921,38766.01,2022-03-06T15:06:04.056659000Z,buy
coinbase-btc-usd-spot,2022-03-06T15:06:03.977641000Z,292125948,0.00098413,38766.38,2022-03-06T15:06:04.056659000Z,buy
coinbase-btc-usd-spot,2022-03-06T15:06:04.649022000Z,292125949,0.00005237,38763.32,2022-03-06T15:06:04.806515000Z,sell
coinbase-btc-usd-spot,2022-03-06T15:06:04.752063000Z,292125950,0.00246826,38766.4,2022-03-06T15:06:04.822095000Z,buy
coinbase-btc-usd-spot,2022-03-06T15:06:06.687434000Z,292125951,0.0012202,38766.27,2022-03-06T15:06:06.807650000Z,buy
coinbase-btc-usd-spot,2022-03-06T15:06:06.866056000Z,292125952,0.00075797,38766.27,2022-03-06T15:06:07.057772000Z,buy
coinbase-btc-usd-spot,2022-03-06T15:06:08.019327000Z,292125953,0.00173403,38766.39,2022-03-06T15:06:08.205477000Z,buy
coinbase-btc-usd-spot,2022-03-06T15:06:08.019327000Z,292125954,0.00073172,38766.39,2022-03-06T15:06:08.205477000Z,buy
coinbase-btc-usd-spot,2022-03-06T15:06:10.193867000Z,292125955,0.00870325,38762.08,2022-03-06T15:06:10.309221000Z,buy
coinbase-btc-usd-spot,2022-03-06T15:06:10.193867000Z,292125956,0.08899675,38762.08,2022-03-06T15:06:10.309221000Z,buy
coinbase-btc-usd-spot,2022-03-06T15:06:10.995559000Z,292125957,0.00644942,38762.06,2022-03-06T15:06:11.076159000Z,buy
coinbase-btc-usd-spot,2022-03-06T15:06:13.052508000Z,292125958,0.0002235,38763.12,2022-03-06T15:06:13.212579000Z,buy
coinbase-btc-usd-spot,2022-03-06T15:06:13.052508000Z,292125959,0.00025166,38763.13,2022-03-06T15:06:13.212579000Z,buy
coinbase-btc-usd-spot,2022-03-06T15:06:13.080214000Z,292125960,0.00703523,38763.13,2022-03-06T15:06:13.212579000Z,buy
coinbase-btc-usd-spot,2022-03-06T15:06:14.561810000Z,292125961,0.00017623,38762.53,2022-03-06T15:06:14.713452000Z,buy
coinbase-btc-usd-spot,2022-03-06T15:06:15.952720000Z,292125962,0.00442235,38762.53,2022-03-06T15:06:16.061718000Z,buy
coinbase-btc-usd-spot,2022-03-06T15:06:16.920843000Z,292125963,0.00049137,38762.53,2022-03-06T15:06:17.062133000Z,buy
coinbase-btc-usd-spot,2022-03-06T15:06:16.920843000Z,292125964,0.00040459,38763.63,2022-03-06T15:06:17.062133000Z,buy
coinbase-btc-usd-spot,2022-03-06T15:06:16.920843000Z,292125965,0.01443455,38763.66,2022-03-06T15:06:17.062133000Z,buy
coinbase-btc-usd-spot,2022-03-06T15:06:17.029134000Z,292125966,0.00219973,38763.66,2022-03-06T15:06:17.217069000Z,buy
coinbase-btc-usd-spot,2022-03-06T15:06:17.945071000Z,292125967,0.00024995,38763.67,2022-03-06T15:06:18.062412000Z,buy
coinbase-btc-usd-spot,2022-03-06T15:06:18.454369000Z,292125968,0.00023142,38763.68,2022-03-06T15:06:18.562504000Z,buy
coinbase-btc-usd-spot,2022-03-06T15:06:18.772817000Z,292125969,0.02557147,38763.68,2022-03-06T15:06:18.968752000Z,buy
coinbase-btc-usd-spot,2022-03-06T15:06:18.772817000Z,292125970,0.00037132,38763.68,2022-03-06T15:06:18.968752000Z,buy
coinbase-btc-usd-spot,2022-03-06T15:06:18.772817000Z,292125971,0.03658112,38765.74,2022-03-06T15:06:18.968752000Z,buy
coinbase-btc-usd-spot,2022-03-06T15:06:18.943770000Z,292125972,0.01805666,38763.68,2022-03-06T15:06:19.062981000Z,buy
coinbase-btc-usd-spot,2022-03-06T15:06:19.956837000Z,292125973,0.00044223,38762.95,2022-03-06T15:06:20.063178000Z,buy
coinbase-btc-usd-spot,2022-03-06T15:06:22.531477000Z,292125974,0.00632339,38763.68,2022-03-06T15:06:22.667857000Z,buy
coinbase-btc-usd-spot,2022-03-06T15:06:23.052394000Z,292125975,0.00142284,38763.68,2022-03-06T15:06:23.169125000Z,buy
coinbase-btc-usd-spot,2022-03-06T15:06:23.092186000Z,292125976,0.02189891,38765.18,2022-03-06T15:06:23.230548000Z,buy
coinbase-btc-usd-spot,2022-03-06T15:06:24.222652000Z,292125977,0.00249029,38772.35,2022-03-06T15:06:24.315561000Z,buy
coinbase-btc-usd-spot,2022-03-06T15:06:24.648905000Z,292125978,0.00246835,38770.24,2022-03-06T15:06:24.815918000Z,buy
coinbase-btc-usd-spot,2022-03-06T15:06:25.819546000Z,292125979,0.02579447,38770.82,2022-03-06T15:06:25.923267000Z,buy
coinbase-btc-usd-spot,2022-03-06T15:06:25.836388000Z,292125980,0.06448924,38771.16,2022-03-06T15:06:25.923267000Z,buy
coinbase-btc-usd-spot,2022-03-06T15:06:25.836388000Z,292125981,0.06998541,38771.83,2022-03-06T15:06:25.923267000Z,buy
coinbase-btc-usd-spot,2022-03-06T15:06:25.856592000Z,292125982,0.05899576,38771.83,2022-03-06T15:06:25.988717000Z,buy
coinbase-btc-usd-spot,2022-03-06T15:06:26.294938000Z,292125983,0.06859,38783.25,2022-03-06T15:06:26.493244000Z,sell
coinbase-btc-usd-spot,2022-03-06T15:06:26.670157000Z,292125984,0.00280217,38784.33,2022-03-06T15:06:26.817321000Z,buy
coinbase-btc-usd-spot,2022-03-06T15:06:26.984475000Z,292125985,0.00077147,38784.32,2022-03-06T15:06:27.066683000Z,buy
coinbase-btc-usd-spot,2022-03-06T15:06:26.984475000Z,292125986,0.00061491,38784.33,2022-03-06T15:06:27.066683000Z,buy
coinbase-btc-usd-spot,2022-03-06T15:06:27.025409000Z,292125987,0.00001607,38778.84,2022-03-06T15:06:27.241638000Z,sell
coinbase-btc-usd-spot,2022-03-06T15:06:27.784135000Z,292125988,0.0025918,38781.83,2022-03-06T15:06:27.993574000Z,buy
coinbase-btc-usd-spot,2022-03-06T15:06:31.256707000Z,292125989,0.00133255,38780.24,2022-03-06T15:06:31.339595000Z,sell
coinbase-btc-usd-spot,2022-03-06T15:06:31.256707000Z,292125990,0.02,38780.23,2022-03-06T15:06:31.339595000Z,sell
coinbase-btc-usd-spot,2022-03-06T15:06:31.256707000Z,292125991,0.00141418,38780.23,2022-03-06T15:06:31.339595000Z,sell
coinbase-btc-usd-spot,2022-03-06T15:06:31.256707000Z,292125992,0.0137,38779.8,2022-03-06T15:06:31.339595000Z,sell
coinbase-btc-usd-spot,2022-03-06T15:06:31.260567000Z,292125993,0.01,38775,2022-03-06T15:06:31.339595000Z,sell
coinbase-btc-usd-spot,2022-03-06T15:06:31.260567000Z,292125994,0.07192075,38774.31,2022-03-06T15:06:31.339595000Z,sell
coinbase-btc-usd-spot,2022-03-06T15:06:31.260567000Z,292125995,0.02976,38774.3,2022-03-06T15:06:31.339595000Z,sell
coinbase-btc-usd-spot,2022-03-06T15:06:31.260567000Z,292125996,0.00536188,38772.76,2022-03-06T15:06:31.339595000Z,sell
coinbase-btc-usd-spot,2022-03-06T15:06:31.264281000Z,292125997,0.02661888,38772.76,2022-03-06T15:06:31.339595000Z,sell
coinbase-btc-usd-spot,2022-03-06T15:06:31.264281000Z,292125998,0.0360116,38772.35,2022-03-06T15:06:31.339595000Z,sell
coinbase-btc-usd-spot,2022-03-06T15:06:31.264281000Z,292125999,0.55914848,38772.02,2022-03-06T15:06:31.339595000Z,sell
coinbase-btc-usd-spot,2022-03-06T15:06:31.264281000Z,292126000,0.10847112,38772.01,2022-03-06T15:06:31.339595000Z,sell
coinbase-btc-usd-spot,2022-03-06T15:06:31.291266000Z,292126001,0.037,38771.01,2022-03-06T15:06:31.498227000Z,sell
coinbase-btc-usd-spot,2022-03-06T15:06:31.291266000Z,292126002,0.18534216,38770.51,2022-03-06T15:06:31.498227000Z,sell
coinbase-btc-usd-spot,2022-03-06T15:06:32.475719000Z,292126003,0.00113,38769.02,2022-03-06T15:06:32.573663000Z,sell
coinbase-btc-usd-spot,2022-03-06T15:06:32.488279000Z,292126004,0.00000939,38769.02,2022-03-06T15:06:32.573663000Z,sell
coinbase-btc-usd-spot,2022-03-06T15:06:32.488279000Z,292126005,0.038,38769.01,2022-03-06T15:06:32.573663000Z,sell
coinbase-btc-usd-spot,2022-03-06T15:06:32.488279000Z,292126006,0.00159061,38769.01,2022-03-06T15:06:32.573663000Z,sell
coinbase-btc-usd-spot,2022-03-06T15:06:32.584186000Z,292126007,0.00001443,38769.01,2022-03-06T15:06:32.749314000Z,sell
coinbase-btc-usd-spot,2022-03-06T15:06:33.166753000Z,292126008,0.00012866,38766.26,2022-03-06T15:06:33.322970000Z,buy
coinbase-btc-usd-spot,2022-03-06T15:06:33.174151000Z,292126009,0.00026443,38764.96,2022-03-06T15:06:33.322970000Z,sell
coinbase-btc-usd-spot,2022-03-06T15:06:35.644759000Z,292126010,0.00057898,38766.26,2022-03-06T15:06:35.752328000Z,buy
coinbase-btc-usd-spot,2022-03-06T15:06:35.662791000Z,292126011,0.00020014,38766.26,2022-03-06T15:06:35.824266000Z,buy
coinbase-btc-usd-spot,2022-03-06T15:06:36.266868000Z,292126012,0.00181859,38766.26,2022-03-06T15:06:36.342072000Z,buy
coinbase-btc-usd-spot,2022-03-06T15:06:36.794937000Z,292126013,0.00025642,38765.92,2022-03-06T15:06:37.003473000Z,buy
coinbase-btc-usd-spot,2022-03-06T15:06:36.927321000Z,292126014,0.00245229,38766.26,2022-03-06T15:06:37.078876000Z,buy
coinbase-btc-usd-spot,2022-03-06T15:06:37.025724000Z,292126015,0.00384626,38766.26,2022-03-06T15:06:37.094334000Z,buy
coinbase-btc-usd-spot,2022-03-06T15:06:37.412731000Z,292126016,0.00140166,38764.77,2022-03-06T15:06:37.579155000Z,sell
coinbase-btc-usd-spot,2022-03-06T15:06:37.467061000Z,292126017,0.00101,38764.76,2022-03-06T15:06:37.579155000Z,sell
coinbase-btc-usd-spot,2022-03-06T15:06:37.475880000Z,292126018,0.00000084,38764.76,2022-03-06T15:06:37.579155000Z,sell
coinbase-btc-usd-spot,2022-03-06T15:06:37.622993000Z,292126019,0.00172033,38764.33,2022-03-06T15:06:37.755370000Z,sell
coinbase-btc-usd-spot,2022-03-06T15:06:37.622993000Z,292126020,0.000177,38764.32,2022-03-06T15:06:37.755370000Z,sell
coinbase-btc-usd-spot,2022-03-06T15:06:37.622993000Z,292126021,0.00326443,38763.36,2022-03-06T15:06:37.755370000Z,sell
coinbase-btc-usd-spot,2022-03-06T15:06:37.632593000Z,292126022,0.01898661,38765.13,2022-03-06T15:06:37.755370000Z,buy
coinbase-btc-usd-spot,2022-03-06T15:06:37.954674000Z,292126023,0.00013618,38764.48,2022-03-06T15:06:38.079448000Z,sell
coinbase-btc-usd-spot,2022-03-06T15:06:38.053774000Z,292126024,0.00022407,38765.63,2022-03-06T15:06:38.256040000Z,buy
coinbase-btc-usd-spot,2022-03-06T15:06:38.053774000Z,292126025,0.00717714,38765.68,2022-03-06T15:06:38.256040000Z,buy
coinbase-btc-usd-spot,2022-03-06T15:06:38.167226000Z,292126026,0.00209704,38766.26,2022-03-06T15:06:38.329438000Z,buy
coinbase-btc-usd-spot,2022-03-06T15:06:39.024605000Z,292126027,0.00116,38765.66,2022-03-06T15:06:39.094440000Z,sell
coinbase-btc-usd-spot,2022-03-06T15:06:39.454661000Z,292126028,0.00150759,38763.4,2022-03-06T15:06:39.580020000Z,sell
coinbase-btc-usd-spot,2022-03-06T15:06:39.725964000Z,292126029,0.00118462,38764.07,2022-03-06T15:06:39.830431000Z,buy
coinbase-btc-usd-spot,2022-03-06T15:06:39.725964000Z,292126030,0.00140701,38765.53,2022-03-06T15:06:39.830431000Z,buy
coinbase-btc-usd-spot,2022-03-06T15:06:40.880794000Z,292126031,0.001,38763.72,2022-03-06T15:06:41.008625000Z,buy
coinbase-btc-usd-spot,2022-03-06T15:06:40.880794000Z,292126032,0.00024905,38765.52,2022-03-06T15:06:41.008625000Z,buy
coinbase-btc-usd-spot,2022-03-06T15:06:40.880794000Z,292126033,0.00123975,38765.98,2022-03-06T15:06:41.008625000Z,buy
coinbase-btc-usd-spot,2022-03-06T15:06:41.124301000Z,292126034,0.001,38765.5,2022-03-06T15:06:41.258519000Z,buy
coinbase-btc-usd-spot,2022-03-06T15:06:41.124301000Z,292126035,0.00081863,38765.58,2022-03-06T15:06:41.258519000Z,buy
coinbase-btc-usd-spot,2022-03-06T15:06:41.593914000Z,292126036,0.00141,38764.06,2022-03-06T15:06:41.761326000Z,sell
coinbase-btc-usd-spot,2022-03-06T15:06:41.606301000Z,292126037,0.00000163,38764.06,2022-03-06T15:06:41.761326000Z,sell
coinbase-btc-usd-spot,2022-03-06T15:06:41.606301000Z,292126038,0.00107837,38764.05,2022-03-06T15:06:41.761326000Z,sell
coinbase-btc-usd-spot,2022-03-06T15:06:41.626076000Z,292126039,0.00000877,38764.05,2022-03-06T15:06:41.761326000Z,sell
coinbase-btc-usd-spot,2022-03-06T15:06:41.626076000Z,292126040,0.00999123,38763.33,2022-03-06T15:06:41.761326000Z,sell
coinbase-btc-usd-spot,2022-03-06T15:06:41.670286000Z,292126041,0.00000877,38763.33,2022-03-06T15:06:41.832524000Z,sell
coinbase-btc-usd-spot,2022-03-06T15:06:41.670286000Z,292126042,0.000441,38763.23,2022-03-06T15:06:41.832524000Z,sell
coinbase-btc-usd-spot,2022-03-06T15:06:41.670286000Z,292126043,0.00705023,38763.23,2022-03-06T15:06:41.832524000Z,sell
coinbase-btc-usd-spot,2022-03-06T15:06:41.907033000Z,292126044,0.01044112,38763.24,2022-03-06T15:06:42.009536000Z,buy
coinbase-btc-usd-spot,2022-03-06T15:06:41.907033000Z,292126045,0.0115961,38763.24,2022-03-06T15:06:42.009536000Z,buy
coinbase-btc-usd-spot,2022-03-06T15:06:41.907033000Z,292126046,0.00360655,38763.24,2022-03-06T15:06:42.009536000Z,buy
coinbase-btc-usd-spot,2022-03-06T15:06:42.334774000Z,292126047,0.00023127,38763.26,2022-03-06T15:06:42.509599000Z,buy
coinbase-btc-usd-spot,2022-03-06T15:06:44.597108000Z,292126048,0.0016248,38763.24,2022-03-06T15:06:44.760824000Z,buy
coinbase-btc-usd-spot,2022-03-06T15:06:44.597108000Z,292126049,0.00070014,38763.34,2022-03-06T15:06:44.760824000Z,buy
coinbase-btc-usd-spot,2022-03-06T15:06:44.597108000Z,292126050,0.00039367,38764.04,2022-03-06T15:06:44.760824000Z,buy
coinbase-btc-usd-spot,2022-03-06T15:06:44.894032000Z,292126051,0.00038873,38764.04,2022-03-06T15:06:45.011254000Z,buy
coinbase-btc-usd-spot,2022-03-06T15:06:44.894032000Z,292126052,0.007504,38765.97,2022-03-06T15:06:45.011254000Z,buy
coinbase-btc-usd-spot,2022-03-06T15:06:45.420534000Z,292126053,0.00051513,38766.29,2022-03-06T15:06:45.583164000Z,buy
coinbase-btc-usd-spot,2022-03-06T15:06:46.771293000Z,292126054,0.0001012,38763.96,2022-03-06T15:06:46.848961000Z,sell
coinbase-btc-usd-spot,2022-03-06T15:06:46.797812000Z,292126055,0.00002567,38766.29,2022-03-06T15:06:47.012752000Z,buy
coinbase-btc-usd-spot,2022-03-06T15:06:47.224637000Z,292126056,0.00025436,38766.29,2022-03-06T15:06:47.333959000Z,buy
coinbase-btc-usd-spot,2022-03-06T15:06:47.224637000Z,292126057,0.00009586,38766.31,2022-03-06T15:06:47.333959000Z,buy
coinbase-btc-usd-spot,2022-03-06T15:06:47.681011000Z,292126058,0.00133,38765.49,2022-03-06T15:06:47.834424000Z,sell
coinbase-btc-usd-spot,2022-03-06T15:06:47.681011000Z,292126059,0.00118551,38765.48,2022-03-06T15:06:47.834424000Z,sell
coinbase-btc-usd-spot,2022-03-06T15:06:47.681011000Z,292126060,0.000119,38763.3,2022-03-06T15:06:47.834424000Z,sell
coinbase-btc-usd-spot,2022-03-06T15:06:47.681011000Z,292126061,0.001666,38763.3,2022-03-06T15:06:47.834424000Z,sell
coinbase-btc-usd-spot,2022-03-06T15:06:47.681011000Z,292126062,0.003432,38763.3,2022-03-06T15:06:47.834424000Z,sell
coinbase-btc-usd-spot,2022-03-06T15:06:47.681011000Z,292126063,0.00001377,38763.23,2022-03-06T15:06:47.834424000Z,sell
coinbase-btc-usd-spot,2022-03-06T15:06:47.681011000Z,292126064,0.005899,38762.79,2022-03-06T15:06:47.834424000Z,sell
coinbase-btc-usd-spot,2022-03-06T15:06:47.681011000Z,292126065,0.000128,38760.31,2022-03-06T15:06:47.834424000Z,sell
coinbase-btc-usd-spot,2022-03-06T15:06:47.681011000Z,292126066,0.04673999,38759.12,2022-03-06T15:06:47.834424000Z,sell
coinbase-btc-usd-spot,2022-03-06T15:06:47.681011000Z,292126067,0.045752,38759.11,2022-03-06T15:06:47.834424000Z,sell
coinbase-btc-usd-spot,2022-03-06T15:06:47.681011000Z,292126068,0.003,38758.56,2022-03-06T15:06:47.834424000Z,sell
coinbase-btc-usd-spot,2022-03-06T15:06:47.681011000Z,292126069,0.037,38758.56,2022-03-06T15:06:47.834424000Z,sell
coinbase-btc-usd-spot,2022-03-06T15:06:47.681011000Z,292126070,0.05,38758.02,2022-03-06T15:06:47.834424000Z,sell
coinbase-btc-usd-spot,2022-03-06T15:06:47.681011000Z,292126071,0.23297622,38756.01,2022-03-06T15:06:47.834424000Z,sell
coinbase-btc-usd-spot,2022-03-06T15:06:47.681011000Z,292126072,0.31603526,38755.19,2022-03-06T15:06:47.834424000Z,sell
coinbase-btc-usd-spot,2022-03-06T15:06:48.699291000Z,292126073,0.00006,38761.98,2022-03-06T15:06:48.835056000Z,buy
coinbase-btc-usd-spot,2022-03-06T15:06:49.362225000Z,292126074,0.00249291,38764.67,2022-03-06T15:06:49.516405000Z,buy
coinbase-btc-usd-spot,2022-03-06T15:06:49.976829000Z,292126075,0.00010299,38764.73,2022-03-06T15:06:50.085394000Z,buy
coinbase-btc-usd-spot,2022-03-06T15:06:52.849082000Z,292126076,0.00031239,38764.67,2022-03-06T15:06:53.020157000Z,sell
coinbase-btc-usd-spot,2022-03-06T15:06:54.299920000Z,292126077,0.01549767,38765,2022-03-06T15:06:54.522059000Z,sell
coinbase-btc-usd-spot,2022-03-06T15:06:54.299920000Z,292126078,0.00126028,38765,2022-03-06T15:06:54.522059000Z,sell
coinbase-btc-usd-spot,2022-03-06T15:06:54.299920000Z,292126079,0.00158102,38764.99,2022-03-06T15:06:54.522059000Z,sell
coinbase-btc-usd-spot,2022-03-06T15:06:54.338962000Z,292126080,0.000259,38764.12,2022-03-06T15:06:54.522059000Z,sell
coinbase-btc-usd-spot,2022-03-06T15:06:54.338962000Z,292126081,0.007161,38764.12,2022-03-06T15:06:54.522059000Z,sell
coinbase-btc-usd-spot,2022-03-06T15:06:54.492852000Z,292126082,0.00937988,38761.91,2022-03-06T15:06:54.590883000Z,buy
coinbase-btc-usd-spot,2022-03-06T15:06:54.492852000Z,292126083,0.01111342,38761.92,2022-03-06T15:06:54.590883000Z,buy
coinbase-btc-usd-spot,2022-03-06T15:06:54.492852000Z,292126084,0.01444969,38761.93,2022-03-06T15:06:54.590883000Z,buy
coinbase-btc-usd-spot,2022-03-06T15:06:54.492852000Z,292126085,0.00937983,38761.94,2022-03-06T15:06:54.590883000Z,buy
coinbase-btc-usd-spot,2022-03-06T15:06:54.492852000Z,292126086,0.00341766,38761.95,2022-03-06T15:06:54.590883000Z,buy
coinbase-btc-usd-spot,2022-03-06T15:06:54.492852000Z,292126087,0.00072743,38762.02,2022-03-06T15:06:54.590883000Z,buy
coinbase-btc-usd-spot,2022-03-06T15:06:54.492852000Z,292126088,0.01426947,38762.17,2022-03-06T15:06:54.590883000Z,buy
coinbase-btc-usd-spot,2022-03-06T15:06:54.492852000Z,292126089,0.0566839,38762.18,2022-03-06T15:06:54.590883000Z,buy
coinbase-btc-usd-spot,2022-03-06T15:06:54.902002000Z,292126090,0.00027996,38762.18,2022-03-06T15:06:55.022554000Z,buy
coinbase-btc-usd-spot,2022-03-06T15:06:55.829863000Z,292126091,0.00076086,38759.79,2022-03-06T15:06:56.023428000Z,sell
coinbase-btc-usd-spot,2022-03-06T15:06:55.954802000Z,292126092,0.00151215,38759.81,2022-03-06T15:06:56.088923000Z,sell
coinbase-btc-usd-spot,2022-03-06T15:06:55.954802000Z,292126093,0.01309614,38759.8,2022-03-06T15:06:56.088923000Z,sell
coinbase-btc-usd-spot,2022-03-06T15:06:55.954802000Z,292126094,0.00163706,38759.8,2022-03-06T15:06:56.088923000Z,sell
coinbase-btc-usd-spot,2022-03-06T15:06:55.954802000Z,292126095,0.00166329,38759.79,2022-03-06T15:06:56.088923000Z,sell
coinbase-btc-usd-spot,2022-03-06T15:06:55.954802000Z,292126096,0.000028,38759.71,2022-03-06T15:06:56.088923000Z,sell
coinbase-btc-usd-spot,2022-03-06T15:06:55.954802000Z,292126097,0.004313,38759.5,2022-03-06T15:06:56.088923000Z,sell
coinbase-btc-usd-spot,2022-03-06T15:06:55.954802000Z,292126098,0.0085,38759.28,2022-03-06T15:06:56.088923000Z,sell
coinbase-btc-usd-spot,2022-03-06T15:06:55.954802000Z,292126099,0.0012,38758.02,2022-03-06T15:06:56.088923000Z,sell
coinbase-btc-usd-spot,2022-03-06T15:06:55.954802000Z,292126100,0.002601,38757.6,2022-03-06T15:06:56.088923000Z,sell
coinbase-btc-usd-spot,2022-03-06T15:06:55.954802000Z,292126101,0.01111342,38757.52,2022-03-06T15:06:56.088923000Z,sell
coinbase-btc-usd-spot,2022-03-06T15:06:55.954802000Z,292126102,0.045752,38757.51,2022-03-06T15:06:56.088923000Z,sell
coinbase-btc-usd-spot,2022-03-06T15:06:56.138289000Z,292126103,0.001,38757.13,2022-03-06T15:06:56.338222000Z,buy
coinbase-btc-usd-spot,2022-03-06T15:06:56.138289000Z,292126104,0.00902835,38757.14,2022-03-06T15:06:56.338222000Z,buy
coinbase-btc-usd-spot,2022-03-06T15:06:56.138289000Z,292126105,0.001,38757.38,2022-03-06T15:06:56.338222000Z,buy
coinbase-btc-usd-spot,2022-03-06T15:06:56.138289000Z,292126106,0.01082135,38757.39,2022-03-06T15:06:56.338222000Z,buy
coinbase-btc-usd-spot,2022-03-06T15:06:56.257438000Z,292126107,0.001267,38755.26,2022-03-06T15:06:56.338222000Z,sell
coinbase-btc-usd-spot,2022-03-06T15:06:56.714888000Z,292126108,0.00010293,38758.9,2022-03-06T15:06:56.838251000Z,buy
coinbase-btc-usd-spot,2022-03-06T15:06:57.177943000Z,292126109,0.00167759,38755.73,2022-03-06T15:06:57.338488000Z,sell
coinbase-btc-usd-spot,2022-03-06T15:06:57.177943000Z,292126110,0.00287241,38755.72,2022-03-06T15:06:57.338488000Z,sell
coinbase-btc-usd-spot,2022-03-06T15:06:57.358795000Z,292126111,0.01488727,38755.83,2022-03-06T15:06:57.531019000Z,sell
coinbase-btc-usd-spot,2022-03-06T15:06:57.358795000Z,292126112,0.00235393,38755.73,2022-03-06T15:06:57.531019000Z,sell
coinbase-btc-usd-spot,2022-03-06T15:06:57.750660000Z,292126113,0.00505429,38755.75,2022-03-06T15:06:57.838942000Z,buy
coinbase-btc-usd-spot,2022-03-06T15:06:57.762420000Z,292126114,0.00149994,38755.74,2022-03-06T15:06:57.838942000Z,sell
coinbase-btc-usd-spot,2022-03-06T15:06:57.762420000Z,292126115,0.00156909,38755.73,2022-03-06T15:06:57.838942000Z,sell
coinbase-btc-usd-spot,2022-03-06T15:06:57.762420000Z,292126116,0.0042,38754.97,2022-03-06T15:06:57.838942000Z,sell
coinbase-btc-usd-spot,2022-03-06T15:06:57.762420000Z,292126117,0.0007,38752.8,2022-03-06T15:06:57.838942000Z,sell
coinbase-btc-usd-spot,2022-03-06T15:06:57.762420000Z,292126118,0.01064826,38751.49,2022-03-06T15:06:57.838942000Z,sell
coinbase-btc-usd-spot,2022-03-06T15:06:57.881908000Z,292126119,0.00246816,38755.75,2022-03-06T15:06:58.031142000Z,buy
coinbase-btc-usd-spot,2022-03-06T15:06:58.468371000Z,292126120,0.00254169,38755.75,2022-03-06T15:06:58.589311000Z,buy
coinbase-btc-usd-spot,2022-03-06T15:07:01.446107000Z,292126121,0.00632283,38755.75,2022-03-06T15:07:01.590979000Z,buy
coinbase-btc-usd-spot,2022-03-06T15:07:02.277522000Z,292126122,0.00006796,38755.75,2022-03-06T15:07:02.360021000Z,buy
coinbase-btc-usd-spot,2022-03-06T15:07:02.909914000Z,292126123,0.01440531,38755.75,2022-03-06T15:07:03.042432000Z,buy
coinbase-btc-usd-spot,2022-03-06T15:07:02.914670000Z,292126124,0.01440531,38757.65,2022-03-06T15:07:03.042432000Z,buy
coinbase-btc-usd-spot,2022-03-06T15:07:02.926274000Z,292126125,0.02580595,38755.75,2022-03-06T15:07:03.042432000Z,buy
coinbase-btc-usd-spot,2022-03-06T15:07:02.963449000Z,292126126,0.0030852,38759.87,2022-03-06T15:07:03.091923000Z,buy
coinbase-btc-usd-spot,2022-03-06T15:07:04.452078000Z,292126127,0.02580462,38756.34,2022-03-06T15:07:04.545740000Z,buy
coinbase-btc-usd-spot,2022-03-06T15:07:04.452078000Z,292126128,0.02477731,38756.34,2022-03-06T15:07:04.545740000Z,buy
coinbase-btc-usd-spot,2022-03-06T15:07:05.722287000Z,292126129,0.00128249,38754.08,2022-03-06T15:07:05.842833000Z,buy
coinbase-btc-usd-spot,2022-03-06T15:07:06.653829000Z,292126130,0.00283989,38752.55,2022-03-06T15:07:06.797188000Z,sell
coinbase-btc-usd-spot,2022-03-06T15:07:07.826958000Z,292126131,0.00011028,38759.22,2022-03-06T15:07:07.959069000Z,buy
coinbase-btc-usd-spot,2022-03-06T15:07:10.444474000Z,292126132,0.00183,38756.6,2022-03-06T15:07:10.551169000Z,sell
coinbase-btc-usd-spot,2022-03-06T15:07:10.464155000Z,292126133,0.00000665,38756.6,2022-03-06T15:07:10.595339000Z,sell
coinbase-btc-usd-spot,2022-03-06T15:07:10.464155000Z,292126134,0.00158335,38756.59,2022-03-06T15:07:10.595339000Z,sell
coinbase-btc-usd-spot,2022-03-06T15:07:10.513502000Z,292126135,0.00030787,38757.37,2022-03-06T15:07:10.595339000Z,buy
coinbase-btc-usd-spot,2022-03-06T15:07:10.513502000Z,292126136,0.00353915,38758.75,2022-03-06T15:07:10.595339000Z,buy
coinbase-btc-usd-spot,2022-03-06T15:07:10.545406000Z,292126137,0.00001019,38756.59,2022-03-06T15:07:10.616673000Z,sell
coinbase-btc-usd-spot,2022-03-06T15:07:10.545406000Z,292126138,0.00006626,38756.02,2022-03-06T15:07:10.616673000Z,sell
coinbase-btc-usd-spot,2022-03-06T15:07:14.389296000Z,292126139,0.00027417,38758.04,2022-03-06T15:07:14.555232000Z,buy
coinbase-btc-usd-spot,2022-03-06T15:07:14.389296000Z,292126140,0.00037212,38759.38,2022-03-06T15:07:14.555232000Z,buy
coinbase-btc-usd-spot,2022-03-06T15:07:14.400034000Z,292126141,0.00782201,38756.16,2022-03-06T15:07:14.555232000Z,sell
coinbase-btc-usd-spot,2022-03-06T15:07:14.415834000Z,292126142,0.00051292,38759.27,2022-03-06T15:07:14.555232000Z,buy
coinbase-btc-usd-spot,2022-03-06T15:07:15.008533000Z,292126143,0.02543055,38759.38,2022-03-06T15:07:15.097683000Z,buy
coinbase-btc-usd-spot,2022-03-06T15:07:15.008533000Z,292126144,0.03781283,38759.71,2022-03-06T15:07:15.097683000Z,buy
coinbase-btc-usd-spot,2022-03-06T15:07:15.659366000Z,292126145,0.02529735,38759.35,2022-03-06T15:07:15.806931000Z,buy
coinbase-btc-usd-spot,2022-03-06T15:07:15.819491000Z,292126146,0.00298463,38759.38,2022-03-06T15:07:16.057570000Z,buy
coinbase-btc-usd-spot,2022-03-06T15:07:16.400649000Z,292126147,0.01109903,38759.38,2022-03-06T15:07:16.557475000Z,buy
coinbase-btc-usd-spot,2022-03-06T15:07:17.382247000Z,292126148,0.00059514,38756.9,2022-03-06T15:07:17.558093000Z,sell
coinbase-btc-usd-spot,2022-03-06T15:07:18.211688000Z,292126149,0.00327408,38758.75,2022-03-06T15:07:18.321521000Z,buy
coinbase-btc-usd-spot,2022-03-06T15:07:18.211688000Z,292126150,0.00116969,38758.79,2022-03-06T15:07:18.321521000Z,buy
coinbase-btc-usd-spot,2022-03-06T15:07:18.268909000Z,292126151,0.00003365,38756.12,2022-03-06T15:07:18.349201000Z,sell
coinbase-btc-usd-spot,2022-03-06T15:07:20.580833000Z,292126152,0.00013072,38757.47,2022-03-06T15:07:20.810203000Z,buy
coinbase-btc-usd-spot,2022-03-06T15:07:20.831492000Z,292126153,0.00141,38756.09,2022-03-06T15:07:21.060444000Z,sell
coinbase-btc-usd-spot,2022-03-06T15:07:20.851136000Z,292126154,0.00143,38756.08,2022-03-06T15:07:21.060444000Z,sell
coinbase-btc-usd-spot,2022-03-06T15:07:20.862335000Z,292126155,0.00363,38756.01,2022-03-06T15:07:21.060444000Z,sell
coinbase-btc-usd-spot,2022-03-06T15:07:22.133191000Z,292126156,0.0042,38756.17,2022-03-06T15:07:22.318740000Z,sell
coinbase-btc-usd-spot,2022-03-06T15:07:22.136518000Z,292126157,0.00000495,38756.17,2022-03-06T15:07:22.318740000Z,sell
coinbase-btc-usd-spot,2022-03-06T15:07:22.136518000Z,292126158,0.00433604,38756.14,2022-03-06T15:07:22.318740000Z,sell
coinbase-btc-usd-spot,2022-03-06T15:07:22.136518000Z,292126159,0.00101312,38756.14,2022-03-06T15:07:22.318740000Z,sell
coinbase-btc-usd-spot,2022-03-06T15:07:22.136518000Z,292126160,0.00162146,38756.13,2022-03-06T15:07:22.318740000Z,sell
coinbase-btc-usd-spot,2022-03-06T15:07:22.143769000Z,292126161,0.000008,38756.01,2022-03-06T15:07:22.318740000Z,sell
coinbase-btc-usd-spot,2022-03-06T15:07:22.143769000Z,292126162,0.001766,38755.64,2022-03-06T15:07:22.318740000Z,sell
coinbase-btc-usd-spot,2022-03-06T15:07:22.143769000Z,292126163,0.000094,38755.64,2022-03-06T15:07:22.318740000Z,sell
coinbase-btc-usd-spot,2022-03-06T15:07:22.143769000Z,292126164,0.001087,38754.75,2022-03-06T15:07:22.318740000Z,sell
coinbase-btc-usd-spot,2022-03-06T15:07:22.148498000Z,292126165,0.09761329,38751.37,2022-03-06T15:07:22.318740000Z,sell
coinbase-btc-usd-spot,2022-03-06T15:07:22.148498000Z,292126166,0.01858443,38751.36,2022-03-06T15:07:22.318740000Z,sell
coinbase-btc-usd-spot,2022-03-06T15:07:22.159081000Z,292126167,0.02976,38750.49,2022-03-06T15:07:22.318740000Z,sell
coinbase-btc-usd-spot,2022-03-06T15:07:22.159081000Z,292126168,0.01,38750,2022-03-06T15:07:22.318740000Z,sell
coinbase-btc-usd-spot,2022-03-06T15:07:22.159081000Z,292126169,0.05246785,38750,2022-03-06T15:07:22.318740000Z,sell
coinbase-btc-usd-spot,2022-03-06T15:07:22.341265000Z,292126170,0.0029904,38750.01,2022-03-06T15:07:22.569816000Z,sell
coinbase-btc-usd-spot,2022-03-06T15:07:22.341265000Z,292126171,0.04753215,38750,2022-03-06T15:07:22.569816000Z,sell
coinbase-btc-usd-spot,2022-03-06T15:07:22.341265000Z,292126172,0.00025,38750,2022-03-06T15:07:22.569816000Z,sell
coinbase-btc-usd-spot,2022-03-06T15:07:22.367877000Z,292126173,0.00176432,38750.01,2022-03-06T15:07:22.569816000Z,sell
coinbase-btc-usd-spot,2022-03-06T15:07:22.385177000Z,292126174,0.00403507,38749.89,2022-03-06T15:07:22.569816000Z,buy
coinbase-btc-usd-spot,2022-03-06T15:07:22.385177000Z,292126175,0.00954323,38750.49,2022-03-06T15:07:22.569816000Z,buy
coinbase-btc-usd-spot,2022-03-06T15:07:22.919969000Z,292126176,0.0022,38749.62,2022-03-06T15:07:23.070725000Z,sell
coinbase-btc-usd-spot,2022-03-06T15:07:22.919969000Z,292126177,0.00122317,38749.62,2022-03-06T15:07:23.070725000Z,sell
coinbase-btc-usd-spot,2022-03-06T15:07:23.167233000Z,292126178,0.00152622,38749.1,2022-03-06T15:07:23.319562000Z,sell
coinbase-btc-usd-spot,2022-03-06T15:07:23.167233000Z,292126179,0.00010323,38749.09,2022-03-06T15:07:23.319562000Z,sell
coinbase-btc-usd-spot,2022-03-06T15:07:23.167233000Z,292126180,0.00130241,38749.09,2022-03-06T15:07:23.319562000Z,sell
coinbase-btc-usd-spot,2022-03-06T15:07:23.228611000Z,292126181,0.00090851,38747.96,2022-03-06T15:07:23.352597000Z,buy
coinbase-btc-usd-spot,2022-03-06T15:07:24.148703000Z,292126182,0.001,38746.36,2022-03-06T15:07:24.320563000Z,sell
coinbase-btc-usd-spot,2022-03-06T15:07:24.148703000Z,292126183,0.00148,38746.36,2022-03-06T15:07:24.320563000Z,sell
coinbase-btc-usd-spot,2022-03-06T15:07:24.176569000Z,292126184,0.00000932,38746.36,2022-03-06T15:07:24.320563000Z,sell
coinbase-btc-usd-spot,2022-03-06T15:07:24.176569000Z,292126185,0.00142068,38746.35,2022-03-06T15:07:24.320563000Z,sell
coinbase-btc-usd-spot,2022-03-06T15:07:24.332736000Z,292126186,0.00115,38745.99,2022-03-06T15:07:24.572130000Z,sell
coinbase-btc-usd-spot,2022-03-06T15:07:24.344722000Z,292126187,0.00000836,38745.99,2022-03-06T15:07:24.572130000Z,sell
coinbase-btc-usd-spot,2022-03-06T15:07:24.344722000Z,292126188,0.0007,38745.98,2022-03-06T15:07:24.572130000Z,sell
coinbase-btc-usd-spot,2022-03-06T15:07:24.344722000Z,292126189,0.00165164,38745.98,2022-03-06T15:07:24.572130000Z,sell
coinbase-btc-usd-spot,2022-03-06T15:07:24.422663000Z,292126190,0.00000911,38745.98,2022-03-06T15:07:24.572130000Z,sell
coinbase-btc-usd-spot,2022-03-06T15:07:24.422663000Z,292126191,0.00800089,38744.49,2022-03-06T15:07:24.572130000Z,sell
coinbase-btc-usd-spot,2022-03-06T15:07:25.688134000Z,292126192,0.00632407,38744.5,2022-03-06T15:07:25.821344000Z,buy
coinbase-btc-usd-spot,2022-03-06T15:07:25.867306000Z,292126193,0.00001792,38744.49,2022-03-06T15:07:26.077275000Z,sell
coinbase-btc-usd-spot,2022-03-06T15:07:25.867306000Z,292126194,0.00152208,38744.49,2022-03-06T15:07:26.077275000Z,sell
coinbase-btc-usd-spot,2022-03-06T15:07:25.885711000Z,292126195,0.00000295,38744.49,2022-03-06T15:07:26.077275000Z,sell
coinbase-btc-usd-spot,2022-03-06T15:07:25.885711000Z,292126196,0.0010905,38744.48,2022-03-06T15:07:26.077275000Z,sell
coinbase-btc-usd-spot,2022-03-06T15:07:25.885711000Z,292126197,0.0002,38744.11,2022-03-06T15:07:26.077275000Z,sell
coinbase-btc-usd-spot,2022-03-06T15:07:25.885711000Z,292126198,0.000128,38744.11,2022-03-06T15:07:26.077275000Z,sell
coinbase-btc-usd-spot,2022-03-06T15:07:25.885711000Z,292126199,0.000129,38744.11,2022-03-06T15:07:26.077275000Z,sell
coinbase-btc-usd-spot,2022-03-06T15:07:25.918384000Z,292126200,0.002,38741.66,2022-03-06T15:07:26.077275000Z,sell
coinbase-btc-usd-spot,2022-03-06T15:07:26.672504000Z,292126201,0.00209328,38737.27,2022-03-06T15:07:26.853423000Z,sell
coinbase-btc-usd-spot,2022-03-06T15:07:26.672504000Z,292126202,0.00209328,38737.26,2022-03-06T15:07:26.853423000Z,sell
coinbase-btc-usd-spot,2022-03-06T15:07:26.672504000Z,292126203,0.00209328,38737.25,2022-03-06T15:07:26.853423000Z,sell
coinbase-btc-usd-spot,2022-03-06T15:07:26.672504000Z,292126204,0.00209328,38737.24,2022-03-06T15:07:26.853423000Z,sell
coinbase-btc-usd-spot,2022-03-06T15:07:26.672504000Z,292126205,0.00132741,38737.24,2022-03-06T15:07:26.853423000Z,sell
coinbase-btc-usd-spot,2022-03-06T15:07:26.672504000Z,292126206,0.00112502,38737.23,2022-03-06T15:07:26.853423000Z,sell
coinbase-btc-usd-spot,2022-03-06T15:07:26.672504000Z,292126207,0.01360456,38733.66,2022-03-06T15:07:26.853423000Z,sell
coinbase-btc-usd-spot,2022-03-06T15:07:26.672504000Z,292126208,0.08436878,38730.59,2022-03-06T15:07:26.853423000Z,sell
coinbase-btc-usd-spot,2022-03-06T15:07:26.672504000Z,292126209,0.045785,38730.58,2022-03-06T15:07:26.853423000Z,sell
coinbase-btc-usd-spot,2022-03-06T15:07:26.672504000Z,292126210,0.02305196,38728.02,2022-03-06T15:07:26.853423000Z,sell
coinbase-btc-usd-spot,2022-03-06T15:07:26.672504000Z,292126211,0.24238669,38728.01,2022-03-06T15:07:26.853423000Z,sell
coinbase-btc-usd-spot,2022-03-06T15:07:26.672504000Z,292126212,0.24169681,38726.01,2022-03-06T15:07:26.853423000Z,sell
coinbase-btc-usd-spot,2022-03-06T15:07:26.672504000Z,292126213,0.24424835,38725.51,2022-03-06T15:07:26.853423000Z,sell
coinbase-btc-usd-spot,2022-03-06T15:07:26.672504000Z,292126214,0.02581778,38725.11,2022-03-06T15:07:26.853423000Z,sell
coinbase-btc-usd-spot,2022-03-06T15:07:26.672504000Z,292126215,0.01,38725,2022-03-06T15:07:26.853423000Z,sell
coinbase-btc-usd-spot,2022-03-06T15:07:26.672504000Z,292126216,0.24181218,38724.01,2022-03-06T15:07:26.853423000Z,sell
coinbase-btc-usd-spot,2022-03-06T15:07:26.672504000Z,292126217,0.24209432,38724.01,2022-03-06T15:07:26.853423000Z,sell
coinbase-btc-usd-spot,2022-03-06T15:07:26.672504000Z,292126218,0.04579,38723.42,2022-03-06T15:07:26.853423000Z,sell
coinbase-btc-usd-spot,2022-03-06T15:07:26.672504000Z,292126219,0.15392793,38723.41,2022-03-06T15:07:26.853423000Z,sell
coinbase-btc-usd-spot,2022-03-06T15:07:26.672504000Z,292126220,0.12908336,38723.19,2022-03-06T15:07:26.853423000Z,sell
coinbase-btc-usd-spot,2022-03-06T15:07:26.672504000Z,292126221,0.86414885,38722.77,2022-03-06T15:07:26.853423000Z,sell
coinbase-btc-usd-spot,2022-03-06T15:07:26.947682000Z,292126222,0.00632407,38737.4,2022-03-06T15:07:27.104024000Z,buy
coinbase-btc-usd-spot,2022-03-06T15:07:26.967450000Z,292126223,0.00256608,38737.4,2022-03-06T15:07:27.104024000Z,buy
coinbase-btc-usd-spot,2022-03-06T15:07:27.128819000Z,292126224,0.00249006,38738.54,2022-03-06T15:07:27.353316000Z,buy
coinbase-btc-usd-spot,2022-03-06T15:07:27.906048000Z,292126225,0.01044289,38739.56,2022-03-06T15:07:28.103607000Z,buy
coinbase-btc-usd-spot,2022-03-06T15:07:28.714464000Z,292126226,0.00006835,38736.67,2022-03-06T15:07:28.854228000Z,sell
coinbase-btc-usd-spot,2022-03-06T15:07:29.060963000Z,292126227,0.00441604,38738.74,2022-03-06T15:07:29.132071000Z,buy
coinbase-btc-usd-spot,2022-03-06T15:07:29.072244000Z,292126228,0.045786,38738.75,2022-03-06T15:07:29.354658000Z,buy
coinbase-btc-usd-spot,2022-03-06T15:07:29.375373000Z,292126229,0.00246869,38739.87,2022-03-06T15:07:29.604858000Z,buy
coinbase-btc-usd-spot,2022-03-06T15:07:29.457893000Z,292126230,0.00156595,38736.92,2022-03-06T15:07:29.604858000Z,sell
coinbase-btc-usd-spot,2022-03-06T15:07:29.457893000Z,292126231,0.00102726,38736.91,2022-03-06T15:07:29.604858000Z,sell
coinbase-btc-usd-spot,2022-03-06T15:07:29.486194000Z,292126232,0.00016,38736.91,2022-03-06T15:07:29.604858000Z,sell
coinbase-btc-usd-spot,2022-03-06T15:07:29.505818000Z,292126233,0.00000301,38736.91,2022-03-06T15:07:29.604858000Z,sell
coinbase-btc-usd-spot,2022-03-06T15:07:29.505818000Z,292126234,0.01113699,38736.67,2022-03-06T15:07:29.604858000Z,sell
coinbase-btc-usd-spot,2022-03-06T15:07:29.538468000Z,292126235,0.00000466,38736.67,2022-03-06T15:07:29.632011000Z,sell
coinbase-btc-usd-spot,2022-03-06T15:07:29.538468000Z,292126236,0.00108534,38736.4,2022-03-06T15:07:29.632011000Z,sell
coinbase-btc-usd-spot,2022-03-06T15:07:29.539534000Z,292126237,0.00000566,38736.4,2022-03-06T15:07:29.632011000Z,sell
coinbase-btc-usd-spot,2022-03-06T15:07:29.787508000Z,292126238,0.001,38730.64,2022-03-06T15:07:29.883069000Z,sell
coinbase-btc-usd-spot,2022-03-06T15:07:29.787508000Z,292126239,0.00132815,38730.63,2022-03-06T15:07:29.883069000Z,sell
coinbase-btc-usd-spot,2022-03-06T15:07:29.787508000Z,292126240,0.00123834,38730.62,2022-03-06T15:07:29.883069000Z,sell
coinbase-btc-usd-spot,2022-03-06T15:07:30.377313000Z,292126241,0.02449,38730.49,2022-03-06T15:07:30.605176000Z,sell
coinbase-btc-usd-spot,2022-03-06T15:07:30.377313000Z,292126242,0.00687144,38729.7,2022-03-06T15:07:30.605176000Z,sell
coinbase-btc-usd-spot,2022-03-06T15:07:30.377313000Z,292126243,0.01997421,38729.45,2022-03-06T15:07:30.605176000Z,sell
coinbase-btc-usd-spot,2022-03-06T15:07:30.873973000Z,292126244,0.00121051,38730.5,2022-03-06T15:07:31.107770000Z,sell
coinbase-btc-usd-spot,2022-03-06T15:07:30.878995000Z,292126245,0.00172246,38730.49,2022-03-06T15:07:31.107770000Z,sell
coinbase-btc-usd-spot,2022-03-06T15:07:30.912897000Z,292126246,0.0099,38727.12,2022-03-06T15:07:31.107770000Z,sell
coinbase-btc-usd-spot,2022-03-06T15:07:30.920975000Z,292126247,0.00004515,38727.12,2022-03-06T15:07:31.107770000Z,sell
coinbase-btc-usd-spot,2022-03-06T15:07:30.931859000Z,292126248,0.05796213,38723.38,2022-03-06T15:07:31.107770000Z,sell
coinbase-btc-usd-spot,2022-03-06T15:07:30.931859000Z,292126249,0.02581937,38723.37,2022-03-06T15:07:31.107770000Z,sell
coinbase-btc-usd-spot,2022-03-06T15:07:30.931859000Z,292126250,0.02474738,38723.31,2022-03-06T15:07:31.107770000Z,sell
coinbase-btc-usd-spot,2022-03-06T15:07:30.931859000Z,292126251,0.15547112,38722.7,2022-03-06T15:07:31.107770000Z,sell
coinbase-btc-usd-spot,2022-03-06T15:07:30.942907000Z,292126252,0.01968999,38724.47,2022-03-06T15:07:31.107770000Z,sell
coinbase-btc-usd-spot,2022-03-06T15:07:30.942907000Z,292126253,0.02976,38723.77,2022-03-06T15:07:31.107770000Z,sell
coinbase-btc-usd-spot,2022-03-06T15:07:30.952897000Z,292126254,0.02581937,38723.37,2022-03-06T15:07:31.107770000Z,sell
coinbase-btc-usd-spot,2022-03-06T15:07:30.952897000Z,292126255,0.13208756,38722.7,2022-03-06T15:07:31.107770000Z,sell
coinbase-btc-usd-spot,2022-03-06T15:07:30.980358000Z,292126256,0.0014,38721.24,2022-03-06T15:07:31.107770000Z,sell
coinbase-btc-usd-spot,2022-03-06T15:07:31.096390000Z,292126257,0.0016585,38723.46,2022-03-06T15:07:31.358541000Z,sell
coinbase-btc-usd-spot,2022-03-06T15:07:31.096390000Z,292126258,0.00365209,38723.45,2022-03-06T15:07:31.358541000Z,sell
coinbase-btc-usd-spot,2022-03-06T15:07:31.122443000Z,292126259,0.00498541,38723.45,2022-03-06T15:07:31.358541000Z,sell
coinbase-btc-usd-spot,2022-03-06T15:07:31.157664000Z,292126260,0.00116095,38723.46,2022-03-06T15:07:31.358541000Z,sell
coinbase-btc-usd-spot,2022-03-06T15:07:31.157664000Z,292126261,0.00425899,38723.45,2022-03-06T15:07:31.358541000Z,sell
coinbase-btc-usd-spot,2022-03-06T15:07:31.188436000Z,292126262,0.00562771,38723.45,2022-03-06T15:07:31.358541000Z,sell
coinbase-btc-usd-spot,2022-03-06T15:07:31.273648000Z,292126263,0.00536237,38723.44,2022-03-06T15:07:31.608162000Z,buy
coinbase-btc-usd-spot,2022-03-06T15:07:31.273648000Z,292126264,0.02439763,38723.46,2022-03-06T15:07:31.608162000Z,buy
coinbase-btc-usd-spot,2022-03-06T15:07:31.292860000Z,292126265,0.0048425,38723.44,2022-03-06T15:07:31.608162000Z,buy
coinbase-btc-usd-spot,2022-03-06T15:07:31.292860000Z,292126266,0.01807939,38725.25,2022-03-06T15:07:31.608162000Z,buy
coinbase-btc-usd-spot,2022-03-06T15:07:31.292860000Z,292126267,0.00269273,38725.26,2022-03-06T15:07:31.608162000Z,buy
coinbase-btc-usd-spot,2022-03-06T15:07:31.292860000Z,292126268,0.05796213,38725.34,2022-03-06T15:07:31.608162000Z,buy
coinbase-btc-usd-spot,2022-03-06T15:07:31.292860000Z,292126269,0.00154752,38725.34,2022-03-06T15:07:31.608162000Z,buy
coinbase-btc-usd-spot,2022-03-06T15:07:31.391058000Z,292126270,0.00142743,38723.22,2022-03-06T15:07:31.608162000Z,buy
coinbase-btc-usd-spot,2022-03-06T15:07:31.391058000Z,292126271,0.00544636,38723.22,2022-03-06T15:07:31.608162000Z,buy
coinbase-btc-usd-spot,2022-03-06T15:07:31.391058000Z,292126272,0.00508524,38723.44,2022-03-06T15:07:31.608162000Z,buy
coinbase-btc-usd-spot,2022-03-06T15:07:31.391058000Z,292126273,0.00568497,38723.44,2022-03-06T15:07:31.608162000Z,buy
coinbase-btc-usd-spot,2022-03-06T15:07:31.391058000Z,292126274,0.02976,38724.12,2022-03-06T15:07:31.608162000Z,buy
coinbase-btc-usd-spot,2022-03-06T15:07:31.391058000Z,292126275,0.00271866,38725.88,2022-03-06T15:07:31.608162000Z,buy
coinbase-btc-usd-spot,2022-03-06T15:07:31.391058000Z,292126276,0.00271866,38726.95,2022-03-06T15:07:31.608162000Z,buy
coinbase-btc-usd-spot,2022-03-06T15:07:31.391058000Z,292126277,0.00271866,38726.96,2022-03-06T15:07:31.608162000Z,buy
coinbase-btc-usd-spot,2022-03-06T15:07:31.391058000Z,292126278,0.045795,38726.99,2022-03-06T15:07:31.608162000Z,buy
coinbase-btc-usd-spot,2022-03-06T15:07:31.391058000Z,292126279,0.01807939,38729.63,2022-03-06T15:07:31.608162000Z,buy
coinbase-btc-usd-spot,2022-03-06T15:07:31.391058000Z,292126280,0.08428799,38729.63,2022-03-06T15:07:31.608162000Z,buy
coinbase-btc-usd-spot,2022-03-06T15:07:31.625957000Z,292126281,0.001,38723.18,2022-03-06T15:07:31.860181000Z,buy
coinbase-btc-usd-spot,2022-03-06T15:07:31.625957000Z,292126282,0.001,38723.19,2022-03-06T15:07:31.860181000Z,buy
coinbase-btc-usd-spot,2022-03-06T15:07:31.625957000Z,292126283,0.001,38723.2,2022-03-06T15:07:31.860181000Z,buy
coinbase-btc-usd-spot,2022-03-06T15:07:31.625957000Z,292126284,0.001,38723.21,2022-03-06T15:07:31.860181000Z,buy
coinbase-btc-usd-spot,2022-03-06T15:07:31.625957000Z,292126285,0.00167935,38723.22,2022-03-06T15:07:31.860181000Z,buy
coinbase-btc-usd-spot,2022-03-06T15:07:31.625957000Z,292126286,0.00172484,38723.22,2022-03-06T15:07:31.860181000Z,buy
coinbase-btc-usd-spot,2022-03-06T15:07:31.625957000Z,292126287,0.00145891,38723.22,2022-03-06T15:07:31.860181000Z,buy
coinbase-btc-usd-spot,2022-03-06T15:07:31.625957000Z,292126288,0.0017557,38723.22,2022-03-06T15:07:31.860181000Z,buy
coinbase-btc-usd-spot,2022-03-06T15:07:31.625957000Z,292126289,0.00148438,38723.22,2022-03-06T15:07:31.860181000Z,buy
coinbase-btc-usd-spot,2022-03-06T15:07:31.625957000Z,292126290,0.00155517,38723.22,2022-03-06T15:07:31.860181000Z,buy
coinbase-btc-usd-spot,2022-03-06T15:07:31.625957000Z,292126291,0.00169039,38723.22,2022-03-06T15:07:31.860181000Z,buy
coinbase-btc-usd-spot,2022-03-06T15:07:31.687200000Z,292126292,0.001,38723.17,2022-03-06T15:07:31.860181000Z,buy
coinbase-btc-usd-spot,2022-03-06T15:07:31.687200000Z,292126293,0.001,38723.18,2022-03-06T15:07:31.860181000Z,buy
coinbase-btc-usd-spot,2022-03-06T15:07:31.687200000Z,292126294,0.001,38723.21,2022-03-06T15:07:31.860181000Z,buy
coinbase-btc-usd-spot,2022-03-06T15:07:31.687200000Z,292126295,0.001,38723.22,2022-03-06T15:07:31.860181000Z,buy
coinbase-btc-usd-spot,2022-03-06T15:07:31.710553000Z,292126296,0.00049593,38726.99,2022-03-06T15:07:31.860181000Z,buy
coinbase-btc-usd-spot,2022-03-06T15:07:31.970386000Z,292126297,0.00118733,38723.47,2022-03-06T15:07:32.108663000Z,buy
coinbase-btc-usd-spot,2022-03-06T15:07:32.142593000Z,292126298,0.00116886,38723.9,2022-03-06T15:07:32.358379000Z,sell
coinbase-btc-usd-spot,2022-03-06T15:07:32.154395000Z,292126299,0.02976,38725.05,2022-03-06T15:07:32.358379000Z,buy
coinbase-btc-usd-spot,2022-03-06T15:07:32.154395000Z,292126300,0.02074407,38725.64,2022-03-06T15:07:32.358379000Z,buy
coinbase-btc-usd-spot,2022-03-06T15:07:32.157036000Z,292126301,0.00116,38723.92,2022-03-06T15:07:32.358379000Z,sell
coinbase-btc-usd-spot,2022-03-06T15:07:32.158437000Z,292126302,0.03276,38725.64,2022-03-06T15:07:32.358379000Z,buy
coinbase-btc-usd-spot,2022-03-06T15:07:32.165780000Z,292126303,0.00000886,38723.92,2022-03-06T15:07:32.358379000Z,sell
coinbase-btc-usd-spot,2022-03-06T15:07:32.173503000Z,292126304,0.00138853,38723.46,2022-03-06T15:07:32.358379000Z,sell
coinbase-btc-usd-spot,2022-03-06T15:07:32.200877000Z,292126305,0.00172,38723.45,2022-03-06T15:07:32.358379000Z,sell
coinbase-btc-usd-spot,2022-03-06T15:07:32.223784000Z,292126306,0.00000001,38723.45,2022-03-06T15:07:32.358379000Z,sell
coinbase-btc-usd-spot,2022-03-06T15:07:32.335341000Z,292126307,0.01767136,38720.74,2022-03-06T15:07:32.608508000Z,buy
coinbase-btc-usd-spot,2022-03-06T15:07:32.388520000Z,292126308,0.00638928,38719.29,2022-03-06T15:07:32.608508000Z,sell
coinbase-btc-usd-spot,2022-03-06T15:07:32.410860000Z,292126309,0.00427691,38719.3,2022-03-06T15:07:32.608508000Z,sell
coinbase-btc-usd-spot,2022-03-06T15:07:32.410860000Z,292126310,0.001,38719.3,2022-03-06T15:07:32.608508000Z,sell
coinbase-btc-usd-spot,2022-03-06T15:07:32.410860000Z,292126311,0.00171905,38719.29,2022-03-06T15:07:32.608508000Z,sell
coinbase-btc-usd-spot,2022-03-06T15:07:32.424197000Z,292126312,0.00153245,38719.58,2022-03-06T15:07:32.608508000Z,buy
coinbase-btc-usd-spot,2022-03-06T15:07:32.424197000Z,292126313,0.00153245,38719.59,2022-03-06T15:07:32.608508000Z,buy
coinbase-btc-usd-spot,2022-03-06T15:07:32.424197000Z,292126314,0.03606687,38720.1,2022-03-06T15:07:32.608508000Z,buy
coinbase-btc-usd-spot,2022-03-06T15:07:32.427048000Z,292126315,0.00427691,38719.32,2022-03-06T15:07:32.608508000Z,sell
coinbase-btc-usd-spot,2022-03-06T15:07:32.427048000Z,292126316,0.00176373,38719.29,2022-03-06T15:07:32.608508000Z,sell
coinbase-btc-usd-spot,2022-03-06T15:07:32.444914000Z,292126317,0.001,38719.32,2022-03-06T15:07:32.608508000Z,sell
coinbase-btc-usd-spot,2022-03-06T15:07:32.444914000Z,292126318,0.001,38719.31,2022-03-06T15:07:32.608508000Z,sell
coinbase-btc-usd-spot,2022-03-06T15:07:32.444914000Z,292126319,0.00247812,38719.3,2022-03-06T15:07:32.608508000Z,sell
coinbase-btc-usd-spot,2022-03-06T15:07:32.444914000Z,292126320,0.00079413,38719.29,2022-03-06T15:07:32.608508000Z,sell
coinbase-btc-usd-spot,2022-03-06T15:07:32.444914000Z,292126321,0.00175285,38719.28,2022-03-06T15:07:32.608508000Z,sell
coinbase-btc-usd-spot,2022-03-06T15:07:32.457224000Z,292126322,0.001,38719.33,2022-03-06T15:07:32.608508000Z,sell
coinbase-btc-usd-spot,2022-03-06T15:07:32.457224000Z,292126323,0.001,38719.3,2022-03-06T15:07:32.608508000Z,sell
coinbase-btc-usd-spot,2022-03-06T15:07:32.457224000Z,292126324,0.00252406,38719.28,2022-03-06T15:07:32.608508000Z,sell
coinbase-btc-usd-spot,2022-03-06T15:07:32.457224000Z,292126325,0.00270995,38719.27,2022-03-06T15:07:32.608508000Z,sell
coinbase-btc-usd-spot,2022-03-06T15:07:32.473652000Z,292126326,0.001,38719.31,2022-03-06T15:07:32.608508000Z,sell
coinbase-btc-usd-spot,2022-03-06T15:07:32.473652000Z,292126327,0.001,38719.3,2022-03-06T15:07:32.608508000Z,sell
coinbase-btc-usd-spot,2022-03-06T15:07:32.473652000Z,292126328,0.00532039,38719.27,2022-03-06T15:07:32.608508000Z,sell
coinbase-btc-usd-spot,2022-03-06T15:07:32.488451000Z,292126329,0.001,38719.31,2022-03-06T15:07:32.608508000Z,sell
coinbase-btc-usd-spot,2022-03-06T15:07:32.488451000Z,292126330,0.001,38719.29,2022-03-06T15:07:32.608508000Z,sell
coinbase-btc-usd-spot,2022-03-06T15:07:32.488451000Z,292126331,0.001,38719.28,2022-03-06T15:07:32.608508000Z,sell
coinbase-btc-usd-spot,2022-03-06T15:07:32.488451000Z,292126332,0.001,38719.28,2022-03-06T15:07:32.608508000Z,sell
coinbase-btc-usd-spot,2022-03-06T15:07:32.488451000Z,292126333,0.00343417,38719.27,2022-03-06T15:07:32.608508000Z,sell
coinbase-btc-usd-spot,2022-03-06T15:07:32.652735000Z,292126334,0.001,38719.32,2022-03-06T15:07:32.858516000Z,sell
coinbase-btc-usd-spot,2022-03-06T15:07:32.652735000Z,292126335,0.000347,38719.3,2022-03-06T15:07:32.858516000Z,sell
coinbase-btc-usd-spot,2022-03-06T15:07:32.994380000Z,292126336,0.00520292,38720.72,2022-03-06T15:07:33.108712000Z,buy
coinbase-btc-usd-spot,2022-03-06T15:07:32.994380000Z,292126337,0.00271298,38720.72,2022-03-06T15:07:33.108712000Z,buy
coinbase-btc-usd-spot,2022-03-06T15:07:32.994380000Z,292126338,0.00520292,38720.73,2022-03-06T15:07:33.108712000Z,buy
coinbase-btc-usd-spot,2022-03-06T15:07:32.994380000Z,292126339,0.02976,38721.17,2022-03-06T15:07:33.108712000Z,buy
coinbase-btc-usd-spot,2022-03-06T15:07:32.994380000Z,292126340,0.00520292,38722.3,2022-03-06T15:07:33.108712000Z,buy
coinbase-btc-usd-spot,2022-03-06T15:07:32.994380000Z,292126341,0.00271298,38722.3,2022-03-06T15:07:33.108712000Z,buy
coinbase-btc-usd-spot,2022-03-06T15:07:33.063237000Z,292126342,0.001,38721.15,2022-03-06T15:07:33.135862000Z,buy
coinbase-btc-usd-spot,2022-03-06T15:07:33.063237000Z,292126343,0.00108519,38721.15,2022-03-06T15:07:33.135862000Z,buy
coinbase-btc-usd-spot,2022-03-06T15:07:33.063237000Z,292126344,0.00108519,38721.16,2022-03-06T15:07:33.135862000Z,buy
coinbase-btc-usd-spot,2022-03-06T15:07:33.063237000Z,292126345,0.00520292,38721.16,2022-03-06T15:07:33.135862000Z,buy
coinbase-btc-usd-spot,2022-03-06T15:07:33.063237000Z,292126346,0.02976,38723.56,2022-03-06T15:07:33.135862000Z,buy
coinbase-btc-usd-spot,2022-03-06T15:07:33.063237000Z,292126347,0.001,38724.17,2022-03-06T15:07:33.135862000Z,buy
coinbase-btc-usd-spot,2022-03-06T15:07:33.063237000Z,292126348,0.00108519,38724.17,2022-03-06T15:07:33.135862000Z,buy
coinbase-btc-usd-spot,2022-03-06T15:07:33.063237000Z,292126349,0.05,38724.18,2022-03-06T15:07:33.135862000Z,buy
coinbase-btc-usd-spot,2022-03-06T15:07:33.063237000Z,292126350,0.04,38724.18,2022-03-06T15:07:33.135862000Z,buy
coinbase-btc-usd-spot,2022-03-06T15:07:33.063237000Z,292126351,0.1708667,38724.19,2022-03-06T15:07:33.358987000Z,buy
coinbase-btc-usd-spot,2022-03-06T15:07:33.105382000Z,292126352,0.001,38721.15,2022-03-06T15:07:33.358987000Z,buy
coinbase-btc-usd-spot,2022-03-06T15:07:33.105382000Z,292126353,0.001,38723.55,2022-03-06T15:07:33.358987000Z,buy
coinbase-btc-usd-spot,2022-03-06T15:07:33.145990000Z,292126354,0.0391333,38724.19,2022-03-06T15:07:33.358987000Z,buy
coinbase-btc-usd-spot,2022-03-06T15:07:33.921015000Z,292126355,0.00014035,38721.67,2022-03-06T15:07:34.108978000Z,sell
coinbase-btc-usd-spot,2022-03-06T15:07:34.900362000Z,292126356,0.00111476,38725.62,2022-03-06T15:07:35.109363000Z,buy
coinbase-btc-usd-spot,2022-03-06T15:07:35.134555000Z,292126357,0.0081,38723.54,2022-03-06T15:07:35.359399000Z,sell
coinbase-btc-usd-spot,2022-03-06T15:07:35.171637000Z,292126358,0.00109,38723.2,2022-03-06T15:07:35.359399000Z,sell
coinbase-btc-usd-spot,2022-03-06T15:07:36.127586000Z,292126359,0.00132741,38720.21,2022-03-06T15:07:36.360090000Z,sell
coinbase-btc-usd-spot,2022-03-06T15:07:36.127586000Z,292126360,0.00117259,38720.2,2022-03-06T15:07:36.360090000Z,sell
coinbase-btc-usd-spot,2022-03-06T15:07:36.136734000Z,292126361,0.00001672,38720.2,2022-03-06T15:07:36.360090000Z,sell
coinbase-btc-usd-spot,2022-03-06T15:07:36.184854000Z,292126362,0.000258,38718.95,2022-03-06T15:07:36.360090000Z,sell
coinbase-btc-usd-spot,2022-03-06T15:07:36.296118000Z,292126363,0.00047534,38718.87,2022-03-06T15:07:36.388423000Z,buy
coinbase-btc-usd-spot,2022-03-06T15:07:36.579210000Z,292126364,0.00208851,38723.31,2022-03-06T15:07:36.860085000Z,buy
coinbase-btc-usd-spot,2022-03-06T15:07:36.579210000Z,292126365,0.0004594,38723.67,2022-03-06T15:07:36.860085000Z,buy
coinbase-btc-usd-spot,2022-03-06T15:07:36.579210000Z,292126366,0.00967624,38723.94,2022-03-06T15:07:36.860085000Z,buy
coinbase-btc-usd-spot,2022-03-06T15:07:37.260910000Z,292126367,0.00240599,38724.22,2022-03-06T15:07:37.360721000Z,buy
coinbase-btc-usd-spot,2022-03-06T15:07:37.260910000Z,292126368,0.01024575,38724.76,2022-03-06T15:07:37.360721000Z,buy
coinbase-btc-usd-spot,2022-03-06T15:07:37.885795000Z,292126369,0.000076,38719.56,2022-03-06T15:07:38.111300000Z,sell
coinbase-btc-usd-spot,2022-03-06T15:07:38.027662000Z,292126370,0.00023138,38721.96,2022-03-06T15:07:38.111300000Z,buy
coinbase-btc-usd-spot,2022-03-06T15:07:38.127454000Z,292126371,0.0012462,38721.96,2022-03-06T15:07:38.360897000Z,buy
coinbase-btc-usd-spot,2022-03-06T15:07:38.419310000Z,292126372,0.00926796,38724.3,2022-03-06T15:07:38.611255000Z,buy
coinbase-btc-usd-spot,2022-03-06T15:07:38.419310000Z,292126373,0.00307972,38725.46,2022-03-06T15:07:38.611255000Z,buy
coinbase-btc-usd-spot,2022-03-06T15:07:40.403800000Z,292126374,0.0015748,38722.14,2022-03-06T15:07:40.612212000Z,sell
coinbase-btc-usd-spot,2022-03-06T15:07:40.403800000Z,292126375,0.00102457,38722.13,2022-03-06T15:07:40.612212000Z,sell
coinbase-btc-usd-spot,2022-03-06T15:07:40.403800000Z,292126376,0.00363084,38718.61,2022-03-06T15:07:40.612212000Z,sell
coinbase-btc-usd-spot,2022-03-06T15:07:40.719759000Z,292126377,0.05565849,38731.01,2022-03-06T15:07:40.863912000Z,buy
coinbase-btc-usd-spot,2022-03-06T15:07:41.209736000Z,292126378,0.00006207,38734.11,2022-03-06T15:07:41.363774000Z,buy
coinbase-btc-usd-spot,2022-03-06T15:07:42.485988000Z,292126379,0.00834518,38732.82,2022-03-06T15:07:42.615173000Z,buy
coinbase-btc-usd-spot,2022-03-06T15:07:43.319326000Z,292126380,0.02691,38736.51,2022-03-06T15:07:43.396459000Z,buy
coinbase-btc-usd-spot,2022-03-06T15:07:44.407144000Z,292126381,0.00247004,38743.73,2022-03-06T15:07:44.558982000Z,buy
coinbase-btc-usd-spot,2022-03-06T15:07:44.828915000Z,292126382,0.00138172,38741.8,2022-03-06T15:07:44.898119000Z,sell
coinbase-btc-usd-spot,2022-03-06T15:07:44.828915000Z,292126383,0.00124109,38741.79,2022-03-06T15:07:44.898119000Z,sell
coinbase-btc-usd-spot,2022-03-06T15:07:44.828915000Z,292126384,0.00987037,38738.67,2022-03-06T15:07:44.898119000Z,sell
coinbase-btc-usd-spot,2022-03-06T15:07:45.669588000Z,292126385,0.00494062,38740.32,2022-03-06T15:07:45.866267000Z,buy
coinbase-btc-usd-spot,2022-03-06T15:07:45.847032000Z,292126386,0.0068235,38740.32,2022-03-06T15:07:46.116679000Z,buy
coinbase-btc-usd-spot,2022-03-06T15:07:45.847032000Z,292126387,0.0051765,38740.32,2022-03-06T15:07:46.116679000Z,buy
coinbase-btc-usd-spot,2022-03-06T15:07:46.527179000Z,292126388,0.00020276,38740.32,2022-03-06T15:07:46.616860000Z,buy
coinbase-btc-usd-spot,2022-03-06T15:07:46.527179000Z,292126389,0.00040046,38740.32,2022-03-06T15:07:46.616860000Z,buy
coinbase-btc-usd-spot,2022-03-06T15:07:48.622551000Z,292126390,0.005656,38740,2022-03-06T15:07:48.868086000Z,buy
coinbase-btc-usd-spot,2022-03-06T15:07:48.622551000Z,292126391,0.01118061,38740.98,2022-03-06T15:07:48.868086000Z,buy
coinbase-btc-usd-spot,2022-03-06T15:07:48.794065000Z,292126392,0.00123363,38740,2022-03-06T15:07:48.868086000Z,buy
coinbase-btc-usd-spot,2022-03-06T15:07:48.909147000Z,292126393,0.00249126,38741.76,2022-03-06T15:07:49.117839000Z,buy
coinbase-btc-usd-spot,2022-03-06T15:07:49.949828000Z,292126394,0.00047078,38739.59,2022-03-06T15:07:50.118241000Z,buy
coinbase-btc-usd-spot,2022-03-06T15:07:50.233897000Z,292126395,0.00394,38736.21,2022-03-06T15:07:50.368560000Z,sell
coinbase-btc-usd-spot,2022-03-06T15:07:50.248123000Z,292126396,0.00000059,38736.21,2022-03-06T15:07:50.368560000Z,sell
coinbase-btc-usd-spot,2022-03-06T15:07:50.248123000Z,292126397,0.00393941,38736.2,2022-03-06T15:07:50.368560000Z,sell
coinbase-btc-usd-spot,2022-03-06T15:07:50.271870000Z,292126398,0.00000118,38736.2,2022-03-06T15:07:50.368560000Z,sell
coinbase-btc-usd-spot,2022-03-06T15:07:50.271870000Z,292126399,0.00142971,38736.19,2022-03-06T15:07:50.368560000Z,sell
coinbase-btc-usd-spot,2022-03-06T15:07:50.271870000Z,292126400,0.00250911,38736.18,2022-03-06T15:07:50.368560000Z,sell
coinbase-btc-usd-spot,2022-03-06T15:07:50.310734000Z,292126401,0.00143148,38736.18,2022-03-06T15:07:50.402811000Z,sell
coinbase-btc-usd-spot,2022-03-06T15:07:50.310734000Z,292126402,0.00159936,38736.18,2022-03-06T15:07:50.402811000Z,sell
coinbase-btc-usd-spot,2022-03-06T15:07:50.310734000Z,292126403,0.00365375,38736.05,2022-03-06T15:07:50.402811000Z,sell
coinbase-btc-usd-spot,2022-03-06T15:07:50.324651000Z,292126404,0.00028684,38736.05,2022-03-06T15:07:50.402811000Z,sell
coinbase-btc-usd-spot,2022-03-06T15:07:50.473889000Z,292126405,0.00247087,38730.87,2022-03-06T15:07:50.618400000Z,buy
coinbase-btc-usd-spot,2022-03-06T15:07:50.821603000Z,292126406,0.00278812,38730.86,2022-03-06T15:07:50.902311000Z,buy
coinbase-btc-usd-spot,2022-03-06T15:07:50.821603000Z,292126407,0.00031725,38730.87,2022-03-06T15:07:50.902311000Z,buy
coinbase-btc-usd-spot,2022-03-06T15:07:50.821603000Z,292126408,0.045793,38733.62,2022-03-06T15:07:50.902311000Z,buy
coinbase-btc-usd-spot,2022-03-06T15:07:50.821603000Z,292126409,0.00173705,38733.66,2022-03-06T15:07:50.902311000Z,buy
coinbase-btc-usd-spot,2022-03-06T15:07:50.891276000Z,292126410,0.00111525,38733.64,2022-03-06T15:07:51.118726000Z,buy
coinbase-btc-usd-spot,2022-03-06T15:07:50.891276000Z,292126411,0.00111525,38733.65,2022-03-06T15:07:51.118726000Z,buy
coinbase-btc-usd-spot,2022-03-06T15:07:50.891276000Z,292126412,0.00024037,38733.66,2022-03-06T15:07:51.118726000Z,buy
coinbase-btc-usd-spot,2022-03-06T15:07:51.229466000Z,292126413,0.00071948,38733.17,2022-03-06T15:07:51.368691000Z,buy
coinbase-btc-usd-spot,2022-03-06T15:07:51.555405000Z,292126414,0.00071972,38733.13,2022-03-06T15:07:51.652945000Z,buy
coinbase-btc-usd-spot,2022-03-06T15:07:52.292825000Z,292126415,0.001,38733.1,2022-03-06T15:07:52.369495000Z,buy
coinbase-btc-usd-spot,2022-03-06T15:07:52.292825000Z,292126416,0.001,38733.65,2022-03-06T15:07:52.369495000Z,buy
coinbase-btc-usd-spot,2022-03-06T15:07:52.292825000Z,292126417,0.004176,38733.66,2022-03-06T15:07:52.369495000Z,buy
coinbase-btc-usd-spot,2022-03-06T15:07:52.590874000Z,292126418,0.001,38733.65,2022-03-06T15:07:52.687555000Z,buy
coinbase-btc-usd-spot,2022-03-06T15:07:52.590874000Z,292126419,0.00532808,38733.66,2022-03-06T15:07:52.687555000Z,buy
coinbase-btc-usd-spot,2022-03-06T15:07:53.338474000Z,292126420,0.00141,38729.79,2022-03-06T15:07:53.404350000Z,sell
coinbase-btc-usd-spot,2022-03-06T15:07:53.350437000Z,292126421,0.00000119,38729.79,2022-03-06T15:07:53.619786000Z,sell
coinbase-btc-usd-spot,2022-03-06T15:07:53.350437000Z,292126422,0.00094881,38729.78,2022-03-06T15:07:53.619786000Z,sell
coinbase-btc-usd-spot,2022-03-06T15:07:53.378158000Z,292126423,0.00000817,38729.78,2022-03-06T15:07:53.619786000Z,sell
coinbase-btc-usd-spot,2022-03-06T15:07:53.378158000Z,292126424,0.00026183,38729.74,2022-03-06T15:07:53.619786000Z,sell
coinbase-btc-usd-spot,2022-03-06T15:07:53.394084000Z,292126425,0.00096286,38732.28,2022-03-06T15:07:53.619786000Z,buy
coinbase-btc-usd-spot,2022-03-06T15:07:53.540497000Z,292126426,0.0018497,38732.28,2022-03-06T15:07:53.619786000Z,buy
coinbase-btc-usd-spot,2022-03-06T15:07:54.483833000Z,292126427,0.00125,38729.75,2022-03-06T15:07:54.620488000Z,sell
coinbase-btc-usd-spot,2022-03-06T15:07:54.537891000Z,292126428,0.00000799,38729.75,2022-03-06T15:07:54.620488000Z,sell
coinbase-btc-usd-spot,2022-03-06T15:07:54.537891000Z,292126429,0.00001117,38729.74,2022-03-06T15:07:54.620488000Z,sell
coinbase-btc-usd-spot,2022-03-06T15:07:54.537891000Z,292126430,0.00104084,38729.74,2022-03-06T15:07:54.620488000Z,sell
coinbase-btc-usd-spot,2022-03-06T15:07:56.039477000Z,292126431,0.01175413,38730.96,2022-03-06T15:07:56.121451000Z,buy
coinbase-btc-usd-spot,2022-03-06T15:07:56.963832000Z,292126432,0.00759233,38735.57,2022-03-06T15:07:57.123077000Z,buy
coinbase-btc-usd-spot,2022-03-06T15:07:57.610130000Z,292126433,0.00123,38735.01,2022-03-06T15:07:57.873344000Z,sell
coinbase-btc-usd-spot,2022-03-06T15:07:57.625183000Z,292126434,0.00000641,38735.01,2022-03-06T15:07:57.873344000Z,sell
coinbase-btc-usd-spot,2022-03-06T15:07:57.625183000Z,292126435,0.00159359,38735,2022-03-06T15:07:57.873344000Z,sell
coinbase-btc-usd-spot,2022-03-06T15:07:57.833488000Z,292126436,0.00121,38731.83,2022-03-06T15:07:57.945811000Z,sell
coinbase-btc-usd-spot,2022-03-06T15:07:58.079200000Z,292126437,0.00025685,38733.46,2022-03-06T15:07:58.157766000Z,buy
coinbase-btc-usd-spot,2022-03-06T15:07:58.245454000Z,292126438,0.001,38732.74,2022-03-06T15:07:58.373597000Z,buy
coinbase-btc-usd-spot,2022-03-06T15:07:58.331866000Z,292126439,0.03001406,38731.07,2022-03-06T15:07:58.407903000Z,buy
coinbase-btc-usd-spot,2022-03-06T15:07:58.447510000Z,292126440,0.00097629,38731.07,2022-03-06T15:07:58.623849000Z,buy
coinbase-btc-usd-spot,2022-03-06T15:07:58.712811000Z,292126441,0.00070402,38731.07,2022-03-06T15:07:58.874138000Z,buy
coinbase-btc-usd-spot,2022-03-06T15:08:00.629199000Z,292126442,0.00047543,38729.83,2022-03-06T15:08:00.869473000Z,buy
coinbase-btc-usd-spot,2022-03-06T15:08:00.702771000Z,292126443,0.00126554,38726.4,2022-03-06T15:08:00.869473000Z,sell
coinbase-btc-usd-spot,2022-03-06T15:08:00.702771000Z,292126444,0.00002524,38726.39,2022-03-06T15:08:00.869473000Z,sell
coinbase-btc-usd-spot,2022-03-06T15:08:00.702771000Z,292126445,0.0015126,38726.39,2022-03-06T15:08:00.869473000Z,sell
coinbase-btc-usd-spot,2022-03-06T15:08:00.702771000Z,292126446,0.01,38725,2022-03-06T15:08:00.869473000Z,sell
coinbase-btc-usd-spot,2022-03-06T15:08:00.702771000Z,292126447,0.00124226,38723.48,2022-03-06T15:08:00.869473000Z,sell
coinbase-btc-usd-spot,2022-03-06T15:08:00.805872000Z,292126448,0.00266,38724.16,2022-03-06T15:08:00.876117000Z,sell
coinbase-btc-usd-spot,2022-03-06T15:08:00.817908000Z,292126449,0.00266,38724.17,2022-03-06T15:08:00.910472000Z,sell
coinbase-btc-usd-spot,2022-03-06T15:08:00.821851000Z,292126450,0.00000982,38724.17,2022-03-06T15:08:00.910472000Z,sell
coinbase-btc-usd-spot,2022-03-06T15:08:00.821851000Z,292126451,0.00000982,38724.16,2022-03-06T15:08:00.910472000Z,sell
coinbase-btc-usd-spot,2022-03-06T15:08:00.825660000Z,292126452,0.00266982,38723.88,2022-03-06T15:08:00.910472000Z,sell
coinbase-btc-usd-spot,2022-03-06T15:08:00.825660000Z,292126453,0.00266982,38723.85,2022-03-06T15:08:00.910472000Z,sell
coinbase-btc-usd-spot,2022-03-06T15:08:00.837756000Z,292126454,0.00068993,38722.04,2022-03-06T15:08:00.910472000Z,sell
coinbase-btc-usd-spot,2022-03-06T15:08:00.868468000Z,292126455,0.00095913,38723.41,2022-03-06T15:08:01.126109000Z,sell
coinbase-btc-usd-spot,2022-03-06T15:08:00.868468000Z,292126456,0.00022007,38722.04,2022-03-06T15:08:01.126109000Z,sell
coinbase-btc-usd-spot,2022-03-06T15:08:00.868468000Z,292126457,0.000076,38722.04,2022-03-06T15:08:01.126109000Z,sell
coinbase-btc-usd-spot,2022-03-06T15:08:00.900797000Z,292126458,0.00119217,38723.4,2022-03-06T15:08:01.126109000Z,sell
coinbase-btc-usd-spot,2022-03-06T15:08:00.900797000Z,292126459,0.02976,38718.32,2022-03-06T15:08:01.126109000Z,sell
coinbase-btc-usd-spot,2022-03-06T15:08:00.987964000Z,292126460,0.00506107,38721.19,2022-03-06T15:08:01.126109000Z,buy
coinbase-btc-usd-spot,2022-03-06T15:08:01.018507000Z,292126461,0.00722203,38715.49,2022-03-06T15:08:01.126109000Z,sell
coinbase-btc-usd-spot,2022-03-06T15:08:01.249094000Z,292126462,0.00034286,38718.19,2022-03-06T15:08:01.375592000Z,buy
coinbase-btc-usd-spot,2022-03-06T15:08:01.249094000Z,292126463,0.04965714,38718.46,2022-03-06T15:08:01.375592000Z,buy
coinbase-btc-usd-spot,2022-03-06T15:08:01.257525000Z,292126464,0.00634953,38717.48,2022-03-06T15:08:01.375592000Z,buy
coinbase-btc-usd-spot,2022-03-06T15:08:01.257525000Z,292126465,0.00034286,38718.46,2022-03-06T15:08:01.375592000Z,buy
coinbase-btc-usd-spot,2022-03-06T15:08:01.257525000Z,292126466,0.04330761,38718.56,2022-03-06T15:08:01.375592000Z,buy
coinbase-btc-usd-spot,2022-03-06T15:08:01.298312000Z,292126467,0.00146661,38715.53,2022-03-06T15:08:01.375592000Z,sell
coinbase-btc-usd-spot,2022-03-06T15:08:01.402766000Z,292126468,0.00253397,38719.59,2022-03-06T15:08:01.626149000Z,buy
coinbase-btc-usd-spot,2022-03-06T15:08:01.402766000Z,292126469,0.02583054,38720.18,2022-03-06T15:08:01.626149000Z,buy
coinbase-btc-usd-spot,2022-03-06T15:08:01.928489000Z,292126470,0.00253397,38721.25,2022-03-06T15:08:02.126100000Z,buy
coinbase-btc-usd-spot,2022-03-06T15:08:01.928489000Z,292126471,0.1,38721.26,2022-03-06T15:08:02.126100000Z,buy
coinbase-btc-usd-spot,2022-03-06T15:08:01.973781000Z,292126472,0.02582527,38722.93,2022-03-06T15:08:02.126100000Z,buy
coinbase-btc-usd-spot,2022-03-06T15:08:01.973781000Z,292126473,0.06456651,38723.57,2022-03-06T15:08:02.126100000Z,buy
coinbase-btc-usd-spot,2022-03-06T15:08:02.018331000Z,292126474,0.00101358,38722.93,2022-03-06T15:08:02.126100000Z,buy
coinbase-btc-usd-spot,2022-03-06T15:08:02.050791000Z,292126475,0.23128713,38725.51,2022-03-06T15:08:02.126100000Z,buy
coinbase-btc-usd-spot,2022-03-06T15:08:02.050791000Z,292126476,0.24984238,38727.01,2022-03-06T15:08:02.126100000Z,buy
coinbase-btc-usd-spot,2022-03-06T15:08:02.281981000Z,292126477,0.00219148,38725.57,2022-03-06T15:08:02.375945000Z,sell
coinbase-btc-usd-spot,2022-03-06T15:08:02.281981000Z,292126478,0.00015493,38725.57,2022-03-06T15:08:02.375945000Z,sell
coinbase-btc-usd-spot,2022-03-06T15:08:02.281981000Z,292126479,0.01114709,38725.56,2022-03-06T15:08:02.375945000Z,sell
coinbase-btc-usd-spot,2022-03-06T15:08:02.871693000Z,292126480,0.001,38728.1,2022-03-06T15:08:02.966792000Z,buy
coinbase-btc-usd-spot,2022-03-06T15:08:02.871693000Z,292126481,0.01924638,38728.1,2022-03-06T15:08:02.966792000Z,buy
coinbase-btc-usd-spot,2022-03-06T15:08:03.879778000Z,292126482,0.02199725,38722.69,2022-03-06T15:08:04.126996000Z,sell
coinbase-btc-usd-spot,2022-03-06T15:08:03.879778000Z,292126483,0.04089363,38722.66,2022-03-06T15:08:04.126996000Z,sell
coinbase-btc-usd-spot,2022-03-06T15:08:03.879778000Z,292126484,0.00268812,38722.62,2022-03-06T15:08:04.126996000Z,sell
coinbase-btc-usd-spot,2022-03-06T15:08:03.984908000Z,292126485,0.00020757,38722.7,2022-03-06T15:08:04.126996000Z,sell
coinbase-btc-usd-spot,2022-03-06T15:08:04.434861000Z,292126486,0.00004492,38723.27,2022-03-06T15:08:04.627433000Z,sell
coinbase-btc-usd-spot,2022-03-06T15:08:04.474371000Z,292126487,0.00148911,38723.27,2022-03-06T15:08:04.627433000Z,sell
coinbase-btc-usd-spot,2022-03-06T15:08:04.474371000Z,292126488,0.00159049,38723.26,2022-03-06T15:08:04.627433000Z,sell
coinbase-btc-usd-spot,2022-03-06T15:08:04.474371000Z,292126489,0.00159049,38723.21,2022-03-06T15:08:04.627433000Z,sell
coinbase-btc-usd-spot,2022-03-06T15:08:04.621872000Z,292126490,0.00207,38723.3,2022-03-06T15:08:04.728005000Z,sell
coinbase-btc-usd-spot,2022-03-06T15:08:04.637414000Z,292126491,0.001,38723.28,2022-03-06T15:08:04.878230000Z,sell
coinbase-btc-usd-spot,2022-03-06T15:08:04.637414000Z,292126492,0.00107,38723.28,2022-03-06T15:08:04.878230000Z,sell
coinbase-btc-usd-spot,2022-03-06T15:08:04.655454000Z,292126493,0.00107382,38723.29,2022-03-06T15:08:04.878230000Z,sell
coinbase-btc-usd-spot,2022-03-06T15:08:04.655454000Z,292126494,0.00000382,38723.28,2022-03-06T15:08:04.878230000Z,sell
coinbase-btc-usd-spot,2022-03-06T15:08:04.655454000Z,292126495,0.00008236,38723.28,2022-03-06T15:08:04.878230000Z,sell
coinbase-btc-usd-spot,2022-03-06T15:08:04.661796000Z,292126496,0.00009,38723.28,2022-03-06T15:08:04.878230000Z,sell
coinbase-btc-usd-spot,2022-03-06T15:08:04.673542000Z,292126497,0.00107592,38723.28,2022-03-06T15:08:04.878230000Z,sell
coinbase-btc-usd-spot,2022-03-06T15:08:04.673542000Z,292126498,0.00116736,38723.27,2022-03-06T15:08:04.878230000Z,sell
coinbase-btc-usd-spot,2022-03-06T15:08:04.686644000Z,292126499,0.00159049,38722.83,2022-03-06T15:08:04.878230000Z,sell
coinbase-btc-usd-spot,2022-03-06T15:08:04.686644000Z,292126500,0.00159049,38722.82,2022-03-06T15:08:04.878230000Z,sell
coinbase-btc-usd-spot,2022-03-06T15:08:05.118116000Z,292126501,0.0026181,38719.5,2022-03-06T15:08:05.229656000Z,buy
coinbase-btc-usd-spot,2022-03-06T15:08:05.118116000Z,292126502,0.02703288,38719.51,2022-03-06T15:08:05.229656000Z,buy
coinbase-btc-usd-spot,2022-03-06T15:08:05.118116000Z,292126503,0.0026181,38719.52,2022-03-06T15:08:05.229656000Z,buy
coinbase-btc-usd-spot,2022-03-06T15:08:05.118116000Z,292126504,0.02614881,38719.53,2022-03-06T15:08:05.229656000Z,buy
coinbase-btc-usd-spot,2022-03-06T15:08:05.118116000Z,292126505,0.00157047,38719.53,2022-03-06T15:08:05.229656000Z,buy
coinbase-btc-usd-spot,2022-03-06T15:08:05.118116000Z,292126506,0.0026181,38719.54,2022-03-06T15:08:05.229656000Z,buy
coinbase-btc-usd-spot,2022-03-06T15:08:05.118116000Z,292126507,0.0143034,38719.55,2022-03-06T15:08:05.229656000Z,buy
coinbase-btc-usd-spot,2022-03-06T15:08:05.144600000Z,292126508,0.00030231,38719.47,2022-03-06T15:08:05.378454000Z,buy
coinbase-btc-usd-spot,2022-03-06T15:08:05.753316000Z,292126509,0.00055249,38719.4,2022-03-06T15:08:05.878165000Z,buy
coinbase-btc-usd-spot,2022-03-06T15:08:06.424503000Z,292126510,0.00022914,38719.32,2022-03-06T15:08:06.623843000Z,buy
coinbase-btc-usd-spot,2022-03-06T15:08:06.482057000Z,292126511,0.00056835,38717.79,2022-03-06T15:08:06.628646000Z,sell
coinbase-btc-usd-spot,2022-03-06T15:08:06.493734000Z,292126512,0.00010198,38719.32,2022-03-06T15:08:06.628646000Z,buy
coinbase-btc-usd-spot,2022-03-06T15:08:07.866166000Z,292126513,0.00125471,38717.12,2022-03-06T15:08:07.983295000Z,sell
coinbase-btc-usd-spot,2022-03-06T15:08:08.126465000Z,292126514,0.001,38719.1,2022-03-06T15:08:08.237330000Z,buy
coinbase-btc-usd-spot,2022-03-06T15:08:08.126465000Z,292126515,0.001,38719.11,2022-03-06T15:08:08.237330000Z,buy
coinbase-btc-usd-spot,2022-03-06T15:08:08.126465000Z,292126516,0.001,38719.13,2022-03-06T15:08:08.237330000Z,buy
coinbase-btc-usd-spot,2022-03-06T15:08:08.126465000Z,292126517,0.001,38719.14,2022-03-06T15:08:08.237330000Z,buy
coinbase-btc-usd-spot,2022-03-06T15:08:08.126465000Z,292126518,0.001,38719.15,2022-03-06T15:08:08.237330000Z,buy
coinbase-btc-usd-spot,2022-03-06T15:08:08.126465000Z,292126519,0.00019027,38719.46,2022-03-06T15:08:08.237330000Z,buy
coinbase-btc-usd-spot,2022-03-06T15:08:08.126465000Z,292126520,0.00113812,38721.51,2022-03-06T15:08:08.237330000Z,buy
coinbase-btc-usd-spot,2022-03-06T15:08:08.611897000Z,292126521,0.001,38718.24,2022-03-06T15:08:08.736541000Z,buy
coinbase-btc-usd-spot,2022-03-06T15:08:08.611897000Z,292126522,0.00277679,38718.25,2022-03-06T15:08:08.736541000Z,buy
coinbase-btc-usd-spot,2022-03-06T15:08:08.960255000Z,292126523,0.0016907,38717.45,2022-03-06T15:08:09.130178000Z,sell
coinbase-btc-usd-spot,2022-03-06T15:08:08.960255000Z,292126524,0.0016907,38717.43,2022-03-06T15:08:09.130178000Z,sell
coinbase-btc-usd-spot,2022-03-06T15:08:08.960255000Z,292126525,0.00120628,38717.41,2022-03-06T15:08:09.130178000Z,sell
coinbase-btc-usd-spot,2022-03-06T15:08:08.960255000Z,292126526,0.00049102,38717.4,2022-03-06T15:08:09.130178000Z,sell
coinbase-btc-usd-spot,2022-03-06T15:08:10.669750000Z,292126527,0.00310394,38717.98,2022-03-06T15:08:10.881219000Z,sell
coinbase-btc-usd-spot,2022-03-06T15:08:10.669750000Z,292126528,0.001,38717.98,2022-03-06T15:08:10.881219000Z,sell
coinbase-btc-usd-spot,2022-03-06T15:08:10.669750000Z,292126529,0.00310394,38717.97,2022-03-06T15:08:10.881219000Z,sell
coinbase-btc-usd-spot,2022-03-06T15:08:10.669750000Z,292126530,0.001,38717.96,2022-03-06T15:08:10.881219000Z,sell
coinbase-btc-usd-spot,2022-03-06T15:08:10.669750000Z,292126531,0.00015496,38717.95,2022-03-06T15:08:10.881219000Z,sell
coinbase-btc-usd-spot,2022-03-06T15:08:10.669750000Z,292126532,0.00423017,38717.94,2022-03-06T15:08:10.881219000Z,sell
coinbase-btc-usd-spot,2022-03-06T15:08:10.919484000Z,292126533,0.001,38718.2,2022-03-06T15:08:11.131084000Z,buy
coinbase-btc-usd-spot,2022-03-06T15:08:10.919484000Z,292126534,0.00208802,38719.86,2022-03-06T15:08:11.131084000Z,buy
coinbase-btc-usd-spot,2022-03-06T15:08:11.269221000Z,292126535,0.00012836,38719.79,2022-03-06T15:08:11.381666000Z,buy
coinbase-btc-usd-spot,2022-03-06T15:08:12.412202000Z,292126536,0.00158521,38719.63,2022-03-06T15:08:12.631955000Z,buy
coinbase-btc-usd-spot,2022-03-06T15:08:12.412202000Z,292126537,0.001,38719.64,2022-03-06T15:08:12.631955000Z,buy
coinbase-btc-usd-spot,2022-03-06T15:08:12.412202000Z,292126538,0.001,38719.66,2022-03-06T15:08:12.631955000Z,buy
coinbase-btc-usd-spot,2022-03-06T15:08:12.412202000Z,292126539,0.001,38719.68,2022-03-06T15:08:12.631955000Z,buy
coinbase-btc-usd-spot,2022-03-06T15:08:12.412202000Z,292126540,0.001,38719.7,2022-03-06T15:08:12.631955000Z,buy
coinbase-btc-usd-spot,2022-03-06T15:08:12.412202000Z,292126541,0.0237396,38719.86,2022-03-06T15:08:12.631955000Z,buy
coinbase-btc-usd-spot,2022-03-06T15:08:12.412202000Z,292126542,0.00023656,38719.86,2022-03-06T15:08:12.631955000Z,buy
coinbase-btc-usd-spot,2022-03-06T15:08:12.447026000Z,292126543,0.00110965,38719.85,2022-03-06T15:08:12.631955000Z,buy
coinbase-btc-usd-spot,2022-03-06T15:08:12.447026000Z,292126544,0.02456285,38719.86,2022-03-06T15:08:12.631955000Z,buy
coinbase-btc-usd-spot,2022-03-06T15:08:13.382468000Z,292126545,0.001,38719.86,2022-03-06T15:08:13.499039000Z,buy
coinbase-btc-usd-spot,2022-03-06T15:08:13.382468000Z,292126546,0.00001902,38719.86,2022-03-06T15:08:13.499039000Z,buy
coinbase-btc-usd-spot,2022-03-06T15:08:13.382468000Z,292126547,0.001,38719.86,2022-03-06T15:08:13.499039000Z,buy
coinbase-btc-usd-spot,2022-03-06T15:08:13.382468000Z,292126548,0.00500951,38719.86,2022-03-06T15:08:13.499039000Z,buy
coinbase-btc-usd-spot,2022-03-06T15:08:13.382468000Z,292126549,0.02582747,38719.93,2022-03-06T15:08:13.499039000Z,buy
coinbase-btc-usd-spot,2022-03-06T15:08:13.409881000Z,292126550,0.001,38719.92,2022-03-06T15:08:13.632585000Z,buy
coinbase-btc-usd-spot,2022-03-06T15:08:13.416779000Z,292126551,0.001,38719.92,2022-03-06T15:08:13.632585000Z,buy
coinbase-btc-usd-spot,2022-03-06T15:08:14.354835000Z,292126552,0.02762625,38725.99,2022-03-06T15:08:14.498533000Z,buy
coinbase-btc-usd-spot,2022-03-06T15:08:14.931522000Z,292126553,0.05709939,38727.19,2022-03-06T15:08:15.133133000Z,buy
coinbase-btc-usd-spot,2022-03-06T15:08:14.931522000Z,292126554,0.38591662,38727.2,2022-03-06T15:08:15.133133000Z,buy
coinbase-btc-usd-spot,2022-03-06T15:08:14.931522000Z,292126555,0.44288667,38728.48,2022-03-06T15:08:15.133133000Z,buy
coinbase-btc-usd-spot,2022-03-06T15:08:15.220234000Z,292126556,0.00629879,38728.49,2022-03-06T15:08:15.383328000Z,buy
coinbase-btc-usd-spot,2022-03-06T15:08:15.737738000Z,292126557,0.00741247,38728.49,2022-03-06T15:08:15.883489000Z,buy
coinbase-btc-usd-spot,2022-03-06T15:08:15.842542000Z,292126558,0.00090926,38728.49,2022-03-06T15:08:15.922029000Z,buy
coinbase-btc-usd-spot,2022-03-06T15:08:16.562549000Z,292126559,0.00015,38726.01,2022-03-06T15:08:16.672778000Z,sell
coinbase-btc-usd-spot,2022-03-06T15:08:16.687080000Z,292126560,0.00182,38726.05,2022-03-06T15:08:16.884134000Z,sell
coinbase-btc-usd-spot,2022-03-06T15:08:16.701741000Z,292126561,0.0336817,38726.06,2022-03-06T15:08:16.884134000Z,sell
coinbase-btc-usd-spot,2022-03-06T15:08:16.701741000Z,292126562,0.00000325,38726.05,2022-03-06T15:08:16.884134000Z,sell
coinbase-btc-usd-spot,2022-03-06T15:08:16.716004000Z,292126563,0.001,38726.07,2022-03-06T15:08:16.884134000Z,sell
coinbase-btc-usd-spot,2022-03-06T15:08:16.751936000Z,292126564,0.00025718,38728.24,2022-03-06T15:08:16.884134000Z,buy
coinbase-btc-usd-spot,2022-03-06T15:08:16.800017000Z,292126565,0.00359,38728.49,2022-03-06T15:08:16.884134000Z,buy
coinbase-btc-usd-spot,2022-03-06T15:08:16.813935000Z,292126566,0.00000893,38728.49,2022-03-06T15:08:16.884134000Z,buy
coinbase-btc-usd-spot,2022-03-06T15:08:16.990289000Z,292126567,0.00133658,38731.01,2022-03-06T15:08:17.134242000Z,buy
coinbase-btc-usd-spot,2022-03-06T15:08:17.491891000Z,292126568,0.02497858,38731,2022-03-06T15:08:17.635217000Z,sell
coinbase-btc-usd-spot,2022-03-06T15:08:17.839054000Z,292126569,0.00007583,38730.05,2022-03-06T15:08:17.923715000Z,buy
coinbase-btc-usd-spot,2022-03-06T15:08:18.017408000Z,292126570,0.00129,38726.15,2022-03-06T15:08:18.134786000Z,sell
coinbase-btc-usd-spot,2022-03-06T15:08:18.081308000Z,292126571,0.00112,38726.12,2022-03-06T15:08:18.177207000Z,sell
coinbase-btc-usd-spot,2022-03-06T15:08:18.102913000Z,292126572,0.00000294,38726.12,2022-03-06T15:08:18.261049000Z,sell
coinbase-btc-usd-spot,2022-03-06T15:08:18.102913000Z,292126573,0.00150706,38726.11,2022-03-06T15:08:18.261049000Z,sell
coinbase-btc-usd-spot,2022-03-06T15:08:18.364714000Z,292126574,0.02531354,38725.31,2022-03-06T15:08:18.510970000Z,buy
coinbase-btc-usd-spot,2022-03-06T15:08:18.442146000Z,292126575,0.00122,38725,2022-03-06T15:08:18.635011000Z,sell
coinbase-btc-usd-spot,2022-03-06T15:08:18.446139000Z,292126576,0.00878,38725,2022-03-06T15:08:18.635011000Z,sell
coinbase-btc-usd-spot,2022-03-06T15:08:18.446253000Z,292126577,0.00122919,38723.39,2022-03-06T15:08:18.635011000Z,sell
coinbase-btc-usd-spot,2022-03-06T15:08:18.446253000Z,292126578,0.05,38723.38,2022-03-06T15:08:18.635011000Z,sell
coinbase-btc-usd-spot,2022-03-06T15:08:18.446253000Z,292126579,0.00141982,38723.38,2022-03-06T15:08:18.635011000Z,sell
coinbase-btc-usd-spot,2022-03-06T15:08:18.500378000Z,292126580,0.00762,38719.85,2022-03-06T15:08:18.635011000Z,sell
coinbase-btc-usd-spot,2022-03-06T15:08:18.739763000Z,292126581,0.01356,38717.26,2022-03-06T15:08:18.885069000Z,sell
coinbase-btc-usd-spot,2022-03-06T15:08:18.739763000Z,292126582,0.00124,38717.26,2022-03-06T15:08:18.885069000Z,sell
coinbase-btc-usd-spot,2022-03-06T15:08:18.766742000Z,292126583,0.00000274,38717.26,2022-03-06T15:08:18.885069000Z,sell
coinbase-btc-usd-spot,2022-03-06T15:08:18.822825000Z,292126584,0.00047,38717.25,2022-03-06T15:08:18.926576000Z,sell
coinbase-btc-usd-spot,2022-03-06T15:08:18.833408000Z,292126585,0.00047,38717.25,2022-03-06T15:08:18.926576000Z,sell
coinbase-btc-usd-spot,2022-03-06T15:08:18.837639000Z,292126586,0.00007148,38717.25,2022-03-06T15:08:18.926576000Z,sell
coinbase-btc-usd-spot,2022-03-06T15:08:18.856293000Z,292126587,0.00047,38716.29,2022-03-06T15:08:18.926576000Z,sell
coinbase-btc-usd-spot,2022-03-06T15:08:18.968184000Z,292126588,0.000008,38716.29,2022-03-06T15:08:19.135212000Z,sell
coinbase-btc-usd-spot,2022-03-06T15:08:18.968184000Z,292126589,0.00152816,38716.29,2022-03-06T15:08:19.135212000Z,sell
coinbase-btc-usd-spot,2022-03-06T15:08:19.271259000Z,292126590,0.00108798,38710.67,2022-03-06T15:08:19.385596000Z,buy
coinbase-btc-usd-spot,2022-03-06T15:08:19.271259000Z,292126591,0.01523976,38710.75,2022-03-06T15:08:19.385596000Z,buy
coinbase-btc-usd-spot,2022-03-06T15:08:19.271259000Z,292126592,0.07022454,38712.23,2022-03-06T15:08:19.385596000Z,buy
coinbase-btc-usd-spot,2022-03-06T15:08:20.298063000Z,292126593,0.001,38715.45,2022-03-06T15:08:20.386258000Z,buy
coinbase-btc-usd-spot,2022-03-06T15:08:20.298063000Z,292126594,0.004,38716.21,2022-03-06T15:08:20.386258000Z,buy
coinbase-btc-usd-spot,2022-03-06T15:08:21.367153000Z,292126595,0.00004288,38711.35,2022-03-06T15:08:21.532292000Z,buy
coinbase-btc-usd-spot,2022-03-06T15:08:21.804516000Z,292126596,0.00086141,38711.35,2022-03-06T15:08:21.887653000Z,buy
coinbase-btc-usd-spot,2022-03-06T15:08:22.100749000Z,292126597,0.000071,38709.78,2022-03-06T15:08:22.179861000Z,sell
coinbase-btc-usd-spot,2022-03-06T15:08:22.163976000Z,292126598,0.00098339,38709.77,2022-03-06T15:08:22.281718000Z,sell
coinbase-btc-usd-spot,2022-03-06T15:08:22.163976000Z,292126599,0.00148663,38709.76,2022-03-06T15:08:22.281718000Z,sell
coinbase-btc-usd-spot,2022-03-06T15:08:22.163976000Z,292126600,0.00198514,38708.69,2022-03-06T15:08:22.281718000Z,sell
coinbase-btc-usd-spot,2022-03-06T15:08:22.805280000Z,292126601,0.00234517,38711.36,2022-03-06T15:08:22.887603000Z,buy
coinbase-btc-usd-spot,2022-03-06T15:08:23.493793000Z,292126602,0.00781327,38709.74,2022-03-06T15:08:23.638129000Z,sell
coinbase-btc-usd-spot,2022-03-06T15:08:23.493793000Z,292126603,0.0017884,38709.74,2022-03-06T15:08:23.638129000Z,sell
coinbase-btc-usd-spot,2022-03-06T15:08:23.493793000Z,292126604,0.03744841,38709.73,2022-03-06T15:08:23.638129000Z,sell
coinbase-btc-usd-spot,2022-03-06T15:08:23.493793000Z,292126605,0.03178903,38709.66,2022-03-06T15:08:23.638129000Z,sell
coinbase-btc-usd-spot,2022-03-06T15:08:23.493793000Z,292126606,0.0014123,38709.65,2022-03-06T15:08:23.638129000Z,sell
coinbase-btc-usd-spot,2022-03-06T15:08:23.493793000Z,292126607,0.00107078,38709.64,2022-03-06T15:08:23.638129000Z,sell
coinbase-btc-usd-spot,2022-03-06T15:08:23.493793000Z,292126608,0.00015499,38708.93,2022-03-06T15:08:23.638129000Z,sell
coinbase-btc-usd-spot,2022-03-06T15:08:23.493793000Z,292126609,0.06675052,38708.92,2022-03-06T15:08:23.638129000Z,sell
coinbase-btc-usd-spot,2022-03-06T15:08:23.493793000Z,292126610,0.02205939,38708.9,2022-03-06T15:08:23.638129000Z,sell
coinbase-btc-usd-spot,2022-03-06T15:08:23.493793000Z,292126611,0.02106683,38708.82,2022-03-06T15:08:23.638129000Z,sell
coinbase-btc-usd-spot,2022-03-06T15:08:23.493793000Z,292126612,0.02976,38704.7,2022-03-06T15:08:23.638129000Z,sell
coinbase-btc-usd-spot,2022-03-06T15:08:23.493793000Z,292126613,0.00073375,38704,2022-03-06T15:08:23.638129000Z,sell
coinbase-btc-usd-spot,2022-03-06T15:08:23.493793000Z,292126614,0.016999,38703.77,2022-03-06T15:08:23.638129000Z,sell
coinbase-btc-usd-spot,2022-03-06T15:08:24.150012000Z,292126615,0.001,38708.16,2022-03-06T15:08:24.283771000Z,buy
coinbase-btc-usd-spot,2022-03-06T15:08:24.204190000Z,292126616,0.001,38708.69,2022-03-06T15:08:24.389519000Z,buy
coinbase-btc-usd-spot,2022-03-06T15:08:24.204190000Z,292126617,0.00461532,38708.7,2022-03-06T15:08:24.389519000Z,buy
coinbase-btc-usd-spot,2022-03-06T15:08:24.204243000Z,292126618,0.02122124,38708.7,2022-03-06T15:08:24.389519000Z,buy
coinbase-btc-usd-spot,2022-03-06T15:08:24.262267000Z,292126619,0.001,38708.69,2022-03-06T15:08:24.389519000Z,buy
coinbase-btc-usd-spot,2022-03-06T15:08:24.262267000Z,292126620,0.02583656,38708.7,2022-03-06T15:08:24.389519000Z,buy
coinbase-btc-usd-spot,2022-03-06T15:08:24.262267000Z,292126621,0.001,38711.33,2022-03-06T15:08:24.389519000Z,buy
coinbase-btc-usd-spot,2022-03-06T15:08:24.262267000Z,292126622,0.06675052,38711.35,2022-03-06T15:08:24.389519000Z,buy
coinbase-btc-usd-spot,2022-03-06T15:08:24.262267000Z,292126623,0.001,38711.35,2022-03-06T15:08:24.389519000Z,buy
coinbase-btc-usd-spot,2022-03-06T15:08:24.262267000Z,292126624,0.06224192,38711.36,2022-03-06T15:08:24.389519000Z,buy
coinbase-btc-usd-spot,2022-03-06T15:08:24.262267000Z,292126625,0.00020499,38711.36,2022-03-06T15:08:24.389519000Z,buy
coinbase-btc-usd-spot,2022-03-06T15:08:24.262267000Z,292126626,0.12917612,38711.68,2022-03-06T15:08:24.389519000Z,buy
coinbase-btc-usd-spot,2022-03-06T15:08:24.262267000Z,292126627,0.11711333,38715.11,2022-03-06T15:08:24.389519000Z,buy
coinbase-btc-usd-spot,2022-03-06T15:08:24.262267000Z,292126628,0.07675427,38715.12,2022-03-06T15:08:24.389519000Z,buy
coinbase-btc-usd-spot,2022-03-06T15:08:24.516995000Z,292126629,0.001,38708.68,2022-03-06T15:08:24.638970000Z,buy
coinbase-btc-usd-spot,2022-03-06T15:08:24.516995000Z,292126630,0.00415907,38711.23,2022-03-06T15:08:24.638970000Z,buy
coinbase-btc-usd-spot,2022-03-06T15:08:24.516995000Z,292126631,0.00481748,38711.35,2022-03-06T15:08:24.638970000Z,buy
coinbase-btc-usd-spot,2022-03-06T15:08:24.679929000Z,292126632,0.00195954,38711.36,2022-03-06T15:08:24.784310000Z,buy
coinbase-btc-usd-spot,2022-03-06T15:08:25.091502000Z,292126633,0.00437309,38708.13,2022-03-06T15:08:25.182278000Z,buy
coinbase-btc-usd-spot,2022-03-06T15:08:25.854481000Z,292126634,0.00377792,38705.4,2022-03-06T15:08:25.932566000Z,buy
coinbase-btc-usd-spot,2022-03-06T15:08:26.074196000Z,292126635,0.00047583,38705.67,2022-03-06T15:08:26.139422000Z,buy
coinbase-btc-usd-spot,2022-03-06T15:08:26.178083000Z,292126636,0.00305188,38703.38,2022-03-06T15:08:26.290673000Z,sell
coinbase-btc-usd-spot,2022-03-06T15:08:26.178083000Z,292126637,0.00115716,38703.37,2022-03-06T15:08:26.290673000Z,sell
coinbase-btc-usd-spot,2022-03-06T15:08:26.178083000Z,292126638,0.00128172,38703.36,2022-03-06T15:08:26.290673000Z,sell
coinbase-btc-usd-spot,2022-03-06T15:08:26.178083000Z,292126639,0.00321142,38703.31,2022-03-06T15:08:26.290673000Z,sell
coinbase-btc-usd-spot,2022-03-06T15:08:26.391998000Z,292126640,0.00018194,38703.74,2022-03-06T15:08:26.535402000Z,buy
coinbase-btc-usd-spot,2022-03-06T15:08:27.041129000Z,292126641,0.00003517,38702.9,2022-03-06T15:08:27.139359000Z,buy
coinbase-btc-usd-spot,2022-03-06T15:08:27.623767000Z,292126642,0.00001667,38702.1,2022-03-06T15:08:27.786696000Z,sell
coinbase-btc-usd-spot,2022-03-06T15:08:27.623767000Z,292126643,0.00007092,38701.02,2022-03-06T15:08:27.786696000Z,sell
coinbase-btc-usd-spot,2022-03-06T15:08:27.853087000Z,292126644,0.00060422,38702.43,2022-03-06T15:08:27.934551000Z,buy
coinbase-btc-usd-spot,2022-03-06T15:08:28.007775000Z,292126645,0.00004564,38702.15,2022-03-06T15:08:28.139972000Z,sell
coinbase-btc-usd-spot,2022-03-06T15:08:28.774027000Z,292126646,0.002493,38702.95,2022-03-06T15:08:28.890353000Z,buy
coinbase-btc-usd-spot,2022-03-06T15:08:29.421148000Z,292126647,0.00250829,38703.01,2022-03-06T15:08:29.539505000Z,buy
coinbase-btc-usd-spot,2022-03-06T15:08:29.970343000Z,292126648,0.00016192,38703.01,2022-03-06T15:08:30.140847000Z,buy
coinbase-btc-usd-spot,2022-03-06T15:08:30.269628000Z,292126649,0.00354158,38705.63,2022-03-06T15:08:30.391188000Z,buy
coinbase-btc-usd-spot,2022-03-06T15:08:30.296478000Z,292126650,0.00007505,38702.37,2022-03-06T15:08:30.391188000Z,sell
coinbase-btc-usd-spot,2022-03-06T15:08:30.296478000Z,292126651,0.00176306,38702.37,2022-03-06T15:08:30.391188000Z,sell
coinbase-btc-usd-spot,2022-03-06T15:08:30.377275000Z,292126652,0.00194097,38705.96,2022-03-06T15:08:30.541562000Z,buy
coinbase-btc-usd-spot,2022-03-06T15:08:30.384350000Z,292126653,0.00037357,38705.96,2022-03-06T15:08:30.541562000Z,buy
coinbase-btc-usd-spot,2022-03-06T15:08:30.560210000Z,292126654,0.00213632,38703.42,2022-03-06T15:08:30.645108000Z,sell
coinbase-btc-usd-spot,2022-03-06T15:08:30.560210000Z,292126655,0.00111698,38703.42,2022-03-06T15:08:30.645108000Z,sell
coinbase-btc-usd-spot,2022-03-06T15:08:30.560210000Z,292126656,0.0171159,38703.41,2022-03-06T15:08:30.645108000Z,sell
coinbase-btc-usd-spot,2022-03-06T15:08:30.560210000Z,292126657,0.00106073,38703.41,2022-03-06T15:08:30.645108000Z,sell
coinbase-btc-usd-spot,2022-03-06T15:08:30.578750000Z,292126658,0.00149542,38703.42,2022-03-06T15:08:30.696769000Z,sell
coinbase-btc-usd-spot,2022-03-06T15:08:30.578799000Z,292126659,0.02675795,38702.94,2022-03-06T15:08:30.696769000Z,sell
coinbase-btc-usd-spot,2022-03-06T15:08:30.592057000Z,292126660,0.00506164,38703.42,2022-03-06T15:08:30.797235000Z,buy
coinbase-btc-usd-spot,2022-03-06T15:08:30.597119000Z,292126661,0.00149542,38702.94,2022-03-06T15:08:30.797235000Z,sell
coinbase-btc-usd-spot,2022-03-06T15:08:30.619688000Z,292126662,0.00302,38702.04,2022-03-06T15:08:30.797235000Z,sell
coinbase-btc-usd-spot,2022-03-06T15:08:30.645178000Z,292126663,0.00000788,38702.04,2022-03-06T15:08:30.797235000Z,sell
coinbase-btc-usd-spot,2022-03-06T15:08:30.645178000Z,292126664,0.00302788,38702.03,2022-03-06T15:08:30.797235000Z,sell
coinbase-btc-usd-spot,2022-03-06T15:08:30.645178000Z,292126665,0.000154,38701.95,2022-03-06T15:08:30.797235000Z,sell
coinbase-btc-usd-spot,2022-03-06T15:08:30.645178000Z,292126666,0.00030024,38701.95,2022-03-06T15:08:30.797235000Z,sell
coinbase-btc-usd-spot,2022-03-06T15:08:30.645524000Z,292126667,0.00002376,38701.95,2022-03-06T15:08:30.797235000Z,sell
coinbase-btc-usd-spot,2022-03-06T15:08:30.681930000Z,292126668,0.01,38701.01,2022-03-06T15:08:30.894287000Z,sell
coinbase-btc-usd-spot,2022-03-06T15:08:30.766588000Z,292126669,0.0005147,38700,2022-03-06T15:08:30.894287000Z,sell
coinbase-btc-usd-spot,2022-03-06T15:08:30.766588000Z,292126670,0.02,38700,2022-03-06T15:08:30.894287000Z,sell
coinbase-btc-usd-spot,2022-03-06T15:08:30.766588000Z,292126671,0.0003,38700,2022-03-06T15:08:30.894287000Z,sell
coinbase-btc-usd-spot,2022-03-06T15:08:30.766588000Z,292126672,0.0001,38700,2022-03-06T15:08:30.894287000Z,sell
coinbase-btc-usd-spot,2022-03-06T15:08:30.940244000Z,292126673,0.00009689,38692.37,2022-03-06T15:08:31.043239000Z,sell
coinbase-btc-usd-spot,2022-03-06T15:08:30.963248000Z,292126674,0.00076901,38696.88,2022-03-06T15:08:31.143980000Z,buy
coinbase-btc-usd-spot,2022-03-06T15:08:31.281606000Z,292126675,0.00288142,38695.38,2022-03-06T15:08:31.394139000Z,buy
coinbase-btc-usd-spot,2022-03-06T15:08:31.281606000Z,292126676,0.00936638,38695.39,2022-03-06T15:08:31.394139000Z,buy
coinbase-btc-usd-spot,2022-03-06T15:08:31.281606000Z,292126677,0.01245871,38696.42,2022-03-06T15:08:31.394139000Z,buy
coinbase-btc-usd-spot,2022-03-06T15:08:31.591324000Z,292126678,0.01897236,38696.11,2022-03-06T15:08:31.691630000Z,buy
coinbase-btc-usd-spot,2022-03-06T15:08:31.591324000Z,292126679,0.01338727,38696.42,2022-03-06T15:08:31.691630000Z,buy
coinbase-btc-usd-spot,2022-03-06T15:08:31.669287000Z,292126680,0.02584598,38696.42,2022-03-06T15:08:31.894787000Z,buy
coinbase-btc-usd-spot,2022-03-06T15:08:31.816461000Z,292126681,0.001,38695.45,2022-03-06T15:08:31.894787000Z,sell
coinbase-btc-usd-spot,2022-03-06T15:08:31.842174000Z,292126682,0.00114109,38694.37,2022-03-06T15:08:31.944539000Z,sell
coinbase-btc-usd-spot,2022-03-06T15:08:31.842174000Z,292126683,0.00119834,38694.36,2022-03-06T15:08:31.944539000Z,sell
coinbase-btc-usd-spot,2022-03-06T15:08:31.916396000Z,292126684,0.00121,38692.45,2022-03-06T15:08:32.144583000Z,sell
coinbase-btc-usd-spot,2022-03-06T15:08:31.948546000Z,292126685,0.00000116,38692.45,2022-03-06T15:08:32.144583000Z,sell
coinbase-btc-usd-spot,2022-03-06T15:08:31.948546000Z,292126686,0.00121116,38692.44,2022-03-06T15:08:32.144583000Z,sell
coinbase-btc-usd-spot,2022-03-06T15:08:31.948546000Z,292126687,0.00121116,38692.43,2022-03-06T15:08:32.144583000Z,sell
coinbase-btc-usd-spot,2022-03-06T15:08:31.948546000Z,292126688,0.00121116,38692.42,2022-03-06T15:08:32.144583000Z,sell
coinbase-btc-usd-spot,2022-03-06T15:08:31.966640000Z,292126689,0.002,38690.49,2022-03-06T15:08:32.144583000Z,sell
coinbase-btc-usd-spot,2022-03-06T15:08:31.966640000Z,292126690,0.06,38689.65,2022-03-06T15:08:32.144583000Z,sell
coinbase-btc-usd-spot,2022-03-06T15:08:31.982033000Z,292126691,0.022689,38692.44,2022-03-06T15:08:32.144583000Z,buy
coinbase-btc-usd-spot,2022-03-06T15:08:32.112198000Z,292126692,0.00170183,38687.18,2022-03-06T15:08:32.193179000Z,buy
coinbase-btc-usd-spot,2022-03-06T15:08:32.112198000Z,292126693,0.00170183,38687.19,2022-03-06T15:08:32.193179000Z,buy
coinbase-btc-usd-spot,2022-03-06T15:08:32.112198000Z,292126694,0.00170183,38688.08,2022-03-06T15:08:32.193179000Z,buy
coinbase-btc-usd-spot,2022-03-06T15:08:32.112198000Z,292126695,0.00806481,38688.09,2022-03-06T15:08:32.193179000Z,buy
coinbase-btc-usd-spot,2022-03-06T15:08:32.121543000Z,292126696,0.00542564,38688.09,2022-03-06T15:08:32.193179000Z,buy
coinbase-btc-usd-spot,2022-03-06T15:08:32.171426000Z,292126697,0.00119128,38687.88,2022-03-06T15:08:32.395185000Z,buy
coinbase-btc-usd-spot,2022-03-06T15:08:32.171426000Z,292126698,0.02584815,38690.61,2022-03-06T15:08:32.395185000Z,buy
coinbase-btc-usd-spot,2022-03-06T15:08:32.226613000Z,292126699,0.02976,38690.87,2022-03-06T15:08:32.395185000Z,buy
coinbase-btc-usd-spot,2022-03-06T15:08:32.226613000Z,292126700,0.05,38691.95,2022-03-06T15:08:32.395185000Z,buy
