market,time,coin_metrics_id,amount,price,database_time,side
coinbase-btc-usd-spot,2022-03-07T01:33:05.801689000Z,292334425,0.000648,38534.18,2022-03-07T01:33:05.919440000Z,sell
coinbase-btc-usd-spot,2022-03-07T01:33:05.957105000Z,292334426,0.00458,38539.79,2022-03-07T01:33:06.032322000Z,buy
coinbase-btc-usd-spot,2022-03-07T01:33:06.566950000Z,292334427,0.00002544,38541.83,2022-03-07T01:33:06.669892000Z,buy
coinbase-btc-usd-spot,2022-03-07T01:33:06.660245000Z,292334428,0.002088,38541.83,2022-03-07T01:33:06.742611000Z,buy
coinbase-btc-usd-spot,2022-03-07T01:33:06.672844000Z,292334429,0.001655,38541.83,2022-03-07T01:33:06.742611000Z,buy
coinbase-btc-usd-spot,2022-03-07T01:33:06.972132000Z,292334430,0.00111919,38541.02,2022-03-07T01:33:07.056094000Z,buy
coinbase-btc-usd-spot,2022-03-07T01:33:06.972132000Z,292334431,0.01242482,38541.66,2022-03-07T01:33:07.056094000Z,buy
coinbase-btc-usd-spot,2022-03-07T01:33:07.113484000Z,292334432,0.02291918,38541.66,2022-03-07T01:33:07.242847000Z,buy
coinbase-btc-usd-spot,2022-03-07T01:33:07.113484000Z,292334433,0.00001522,38541.8,2022-03-07T01:33:07.242847000Z,buy
coinbase-btc-usd-spot,2022-03-07T01:33:07.535633000Z,292334434,0.00214208,38538.17,2022-03-07T01:33:07.670528000Z,sell
coinbase-btc-usd-spot,2022-03-07T01:33:07.535633000Z,292334435,0.001,38538.16,2022-03-07T01:33:07.670528000Z,sell
coinbase-btc-usd-spot,2022-03-07T01:33:07.535633000Z,292334436,0.001,38538.15,2022-03-07T01:33:07.670528000Z,sell
coinbase-btc-usd-spot,2022-03-07T01:33:07.535633000Z,292334437,0.00214208,38538.14,2022-03-07T01:33:07.670528000Z,sell
coinbase-btc-usd-spot,2022-03-07T01:33:07.535633000Z,292334438,0.001,38538.03,2022-03-07T01:33:07.670528000Z,sell
coinbase-btc-usd-spot,2022-03-07T01:33:07.535633000Z,292334439,0.0000466,38538.03,2022-03-07T01:33:07.670528000Z,sell
coinbase-btc-usd-spot,2022-03-07T01:33:08.127665000Z,292334440,0.001,38541.81,2022-03-07T01:33:08.243045000Z,buy
coinbase-btc-usd-spot,2022-03-07T01:33:08.625687000Z,292334441,0.00098176,38540.12,2022-03-07T01:33:08.743429000Z,buy
coinbase-btc-usd-spot,2022-03-07T01:33:08.991846000Z,292334442,0.00071634,38540.1,2022-03-07T01:33:09.171430000Z,buy
coinbase-btc-usd-spot,2022-03-07T01:33:09.621097000Z,292334443,0.00025822,38539.11,2022-03-07T01:33:09.743643000Z,buy
coinbase-btc-usd-spot,2022-03-07T01:33:09.821999000Z,292334444,0.001,38539.64,2022-03-07T01:33:09.921706000Z,buy
coinbase-btc-usd-spot,2022-03-07T01:33:09.821999000Z,292334445,0.00150515,38539.77,2022-03-07T01:33:09.921706000Z,buy
coinbase-btc-usd-spot,2022-03-07T01:33:10.320599000Z,292334446,0.00048594,38539.77,2022-03-07T01:33:10.422031000Z,buy
coinbase-btc-usd-spot,2022-03-07T01:33:10.320599000Z,292334447,0.00137313,38539.77,2022-03-07T01:33:10.422031000Z,buy
coinbase-btc-usd-spot,2022-03-07T01:33:10.400327000Z,292334448,0.01116653,38538.68,2022-03-07T01:33:10.494115000Z,sell
coinbase-btc-usd-spot,2022-03-07T01:33:10.400327000Z,292334449,0.00172974,38538.35,2022-03-07T01:33:10.494115000Z,sell
coinbase-btc-usd-spot,2022-03-07T01:33:10.400327000Z,292334450,0.00172974,38537.88,2022-03-07T01:33:10.494115000Z,sell
coinbase-btc-usd-spot,2022-03-07T01:33:10.400327000Z,292334451,0.02305196,38536.71,2022-03-07T01:33:10.494115000Z,sell
coinbase-btc-usd-spot,2022-03-07T01:33:10.400327000Z,292334452,0.36232203,38536.7,2022-03-07T01:33:10.494115000Z,sell
coinbase-btc-usd-spot,2022-03-07T01:33:10.446612000Z,292334453,0.001,38538.7,2022-03-07T01:33:10.536656000Z,sell
coinbase-btc-usd-spot,2022-03-07T01:33:10.446612000Z,292334454,0.00172974,38538.69,2022-03-07T01:33:10.536656000Z,sell
coinbase-btc-usd-spot,2022-03-07T01:33:10.643311000Z,292334455,0.00212702,38539.04,2022-03-07T01:33:10.744335000Z,buy
coinbase-btc-usd-spot,2022-03-07T01:33:10.643311000Z,292334456,0.00045524,38539.15,2022-03-07T01:33:10.744335000Z,buy
coinbase-btc-usd-spot,2022-03-07T01:33:10.776083000Z,292334457,0.00440007,38539.04,2022-03-07T01:33:10.922223000Z,buy
coinbase-btc-usd-spot,2022-03-07T01:33:10.776083000Z,292334458,0.0041871,38539.05,2022-03-07T01:33:10.922223000Z,buy
coinbase-btc-usd-spot,2022-03-07T01:33:10.776083000Z,292334459,0.00413177,38539.12,2022-03-07T01:33:10.922223000Z,buy
coinbase-btc-usd-spot,2022-03-07T01:33:10.918581000Z,292334460,0.00692639,38537.26,2022-03-07T01:33:10.994597000Z,sell
coinbase-btc-usd-spot,2022-03-07T01:33:10.941625000Z,292334461,0.00236785,38537.13,2022-03-07T01:33:11.035897000Z,sell
coinbase-btc-usd-spot,2022-03-07T01:33:11.000315000Z,292334462,0.00166207,38539.01,2022-03-07T01:33:11.172355000Z,buy
coinbase-btc-usd-spot,2022-03-07T01:33:11.000315000Z,292334463,0.00486784,38539.02,2022-03-07T01:33:11.172355000Z,buy
coinbase-btc-usd-spot,2022-03-07T01:33:11.000315000Z,292334464,0.00092607,38539.03,2022-03-07T01:33:11.172355000Z,buy
coinbase-btc-usd-spot,2022-03-07T01:33:11.056037000Z,292334465,0.00608801,38539,2022-03-07T01:33:11.172355000Z,buy
coinbase-btc-usd-spot,2022-03-07T01:33:11.176065000Z,292334466,0.00543797,38539,2022-03-07T01:33:11.245046000Z,buy
coinbase-btc-usd-spot,2022-03-07T01:33:11.176065000Z,292334467,0.0048146,38539.31,2022-03-07T01:33:11.245046000Z,buy
coinbase-btc-usd-spot,2022-03-07T01:33:11.176065000Z,292334468,0.00476136,38539.32,2022-03-07T01:33:11.245046000Z,buy
coinbase-btc-usd-spot,2022-03-07T01:33:11.176065000Z,292334469,0.035344,38539.65,2022-03-07T01:33:11.245046000Z,buy
coinbase-btc-usd-spot,2022-03-07T01:33:11.176065000Z,292334470,0.00019013,38539.78,2022-03-07T01:33:11.245046000Z,buy
coinbase-btc-usd-spot,2022-03-07T01:33:11.176065000Z,292334471,0.01821392,38541.84,2022-03-07T01:33:11.287003000Z,buy
coinbase-btc-usd-spot,2022-03-07T01:33:11.176065000Z,292334472,0.01039814,38545.62,2022-03-07T01:33:11.287003000Z,buy
coinbase-btc-usd-spot,2022-03-07T01:33:11.176065000Z,292334473,0.00711291,38545.92,2022-03-07T01:33:11.287003000Z,buy
coinbase-btc-usd-spot,2022-03-07T01:33:11.497273000Z,292334474,0.00003169,38539,2022-03-07T01:33:11.672333000Z,buy
coinbase-btc-usd-spot,2022-03-07T01:33:11.497273000Z,292334475,0.00369302,38544.52,2022-03-07T01:33:11.672333000Z,buy
coinbase-btc-usd-spot,2022-03-07T01:33:11.663913000Z,292334476,0.00034134,38536.83,2022-03-07T01:33:11.744811000Z,sell
coinbase-btc-usd-spot,2022-03-07T01:33:13.534794000Z,292334477,0.00010357,38541.22,2022-03-07T01:33:13.673828000Z,buy
coinbase-btc-usd-spot,2022-03-07T01:33:13.968162000Z,292334478,0.0000539,38541.15,2022-03-07T01:33:14.038060000Z,buy
coinbase-btc-usd-spot,2022-03-07T01:33:14.065665000Z,292334479,0.0127557,38537.84,2022-03-07T01:33:14.174219000Z,sell
coinbase-btc-usd-spot,2022-03-07T01:33:14.341204000Z,292334480,0.00044593,38535.71,2022-03-07T01:33:14.424530000Z,sell
coinbase-btc-usd-spot,2022-03-07T01:33:14.400188000Z,292334481,0.00023266,38538.88,2022-03-07T01:33:14.496111000Z,buy
coinbase-btc-usd-spot,2022-03-07T01:33:14.755349000Z,292334482,0.00148892,38538.67,2022-03-07T01:33:14.924815000Z,buy
coinbase-btc-usd-spot,2022-03-07T01:33:14.755349000Z,292334483,0.0008705,38538.67,2022-03-07T01:33:14.924815000Z,buy
coinbase-btc-usd-spot,2022-03-07T01:33:14.755349000Z,292334484,0.02464058,38538.68,2022-03-07T01:33:14.924815000Z,buy
coinbase-btc-usd-spot,2022-03-07T01:33:14.771987000Z,292334485,0.00379711,38538.68,2022-03-07T01:33:14.924815000Z,buy
coinbase-btc-usd-spot,2022-03-07T01:33:14.780939000Z,292334486,0.00104224,38538.67,2022-03-07T01:33:14.924815000Z,buy
coinbase-btc-usd-spot,2022-03-07T01:33:14.780939000Z,292334487,0.00146291,38538.85,2022-03-07T01:33:14.924815000Z,buy
coinbase-btc-usd-spot,2022-03-07T01:33:14.805778000Z,292334488,0.00358342,38536.39,2022-03-07T01:33:14.924815000Z,sell
coinbase-btc-usd-spot,2022-03-07T01:33:14.805778000Z,292334489,0.00421708,38536.04,2022-03-07T01:33:14.924815000Z,sell
coinbase-btc-usd-spot,2022-03-07T01:33:14.849877000Z,292334490,0.0020229,38535.52,2022-03-07T01:33:14.924815000Z,sell
coinbase-btc-usd-spot,2022-03-07T01:33:14.883077000Z,292334491,0.05,38533.73,2022-03-07T01:33:14.997055000Z,sell
coinbase-btc-usd-spot,2022-03-07T01:33:14.930130000Z,292334492,0.38807,38532.24,2022-03-07T01:33:14.997055000Z,sell
coinbase-btc-usd-spot,2022-03-07T01:33:14.945610000Z,292334493,0.14691804,38533.97,2022-03-07T01:33:15.041404000Z,sell
coinbase-btc-usd-spot,2022-03-07T01:33:14.975262000Z,292334494,0.00128987,38532.2,2022-03-07T01:33:15.175011000Z,buy
coinbase-btc-usd-spot,2022-03-07T01:33:15.444396000Z,292334495,0.00508738,38522.94,2022-03-07T01:33:15.540306000Z,buy
coinbase-btc-usd-spot,2022-03-07T01:33:16.236600000Z,292334496,0.00129533,38522.94,2022-03-07T01:33:16.323204000Z,buy
coinbase-btc-usd-spot,2022-03-07T01:33:16.329806000Z,292334497,0.0017166,38522.93,2022-03-07T01:33:16.425875000Z,sell
coinbase-btc-usd-spot,2022-03-07T01:33:16.847577000Z,292334498,0.00003362,38522.45,2022-03-07T01:33:16.926280000Z,sell
coinbase-btc-usd-spot,2022-03-07T01:33:17.280869000Z,292334499,0.00496653,38522.46,2022-03-07T01:33:17.426215000Z,buy
coinbase-btc-usd-spot,2022-03-07T01:33:18.074287000Z,292334500,0.000156,38522.45,2022-03-07T01:33:18.176519000Z,sell
coinbase-btc-usd-spot,2022-03-07T01:33:18.307013000Z,292334501,0.00508738,38522.46,2022-03-07T01:33:18.426555000Z,buy
coinbase-btc-usd-spot,2022-03-07T01:33:18.757867000Z,292334502,0.06520609,38522.46,2022-03-07T01:33:18.825671000Z,buy
coinbase-btc-usd-spot,2022-03-07T01:33:18.757867000Z,292334503,0.00351958,38522.46,2022-03-07T01:33:18.825671000Z,buy
coinbase-btc-usd-spot,2022-03-07T01:33:18.757867000Z,292334504,0.001,38522.46,2022-03-07T01:33:18.825671000Z,buy
coinbase-btc-usd-spot,2022-03-07T01:33:18.757867000Z,292334505,0.0044386,38522.47,2022-03-07T01:33:18.825671000Z,buy
coinbase-btc-usd-spot,2022-03-07T01:33:18.757867000Z,292334506,0.06050269,38527.52,2022-03-07T01:33:18.825671000Z,buy
coinbase-btc-usd-spot,2022-03-07T01:33:18.757867000Z,292334507,0.035344,38527.53,2022-03-07T01:33:18.825671000Z,buy
coinbase-btc-usd-spot,2022-03-07T01:33:18.757867000Z,292334508,0.184135,38528.62,2022-03-07T01:33:18.927325000Z,buy
coinbase-btc-usd-spot,2022-03-07T01:33:18.757867000Z,292334509,0.12281447,38530.93,2022-03-07T01:33:18.927325000Z,buy
coinbase-btc-usd-spot,2022-03-07T01:33:18.866245000Z,292334510,0.001,38526.41,2022-03-07T01:33:19.001914000Z,buy
coinbase-btc-usd-spot,2022-03-07T01:33:18.866245000Z,292334511,0.00396653,38526.42,2022-03-07T01:33:19.001914000Z,buy
coinbase-btc-usd-spot,2022-03-07T01:33:18.923696000Z,292334512,0.000323,38526.39,2022-03-07T01:33:19.001914000Z,buy
coinbase-btc-usd-spot,2022-03-07T01:33:19.661118000Z,292334513,0.00012246,38525.09,2022-03-07T01:33:19.752027000Z,buy
coinbase-btc-usd-spot,2022-03-07T01:33:21.056175000Z,292334514,0.00047798,38524.99,2022-03-07T01:33:21.177885000Z,buy
coinbase-btc-usd-spot,2022-03-07T01:33:21.476930000Z,292334515,0.00158075,38522.65,2022-03-07T01:33:21.543406000Z,sell
coinbase-btc-usd-spot,2022-03-07T01:33:22.291600000Z,292334516,0.000521,38522.71,2022-03-07T01:33:22.428598000Z,sell
coinbase-btc-usd-spot,2022-03-07T01:33:23.614168000Z,292334517,0.00133681,38522.73,2022-03-07T01:33:23.753920000Z,sell
coinbase-btc-usd-spot,2022-03-07T01:33:23.614168000Z,292334518,0.00317119,38522.73,2022-03-07T01:33:23.753920000Z,sell
coinbase-btc-usd-spot,2022-03-07T01:33:24.310655000Z,292334519,0.00250515,38522.74,2022-03-07T01:33:24.429154000Z,buy
coinbase-btc-usd-spot,2022-03-07T01:33:24.484048000Z,292334520,0.07275485,38522.74,2022-03-07T01:33:24.583911000Z,buy
coinbase-btc-usd-spot,2022-03-07T01:33:24.484048000Z,292334521,0.00480781,38522.74,2022-03-07T01:33:24.583911000Z,buy
coinbase-btc-usd-spot,2022-03-07T01:33:24.484048000Z,292334522,0.00018,38522.74,2022-03-07T01:33:24.583911000Z,buy
coinbase-btc-usd-spot,2022-03-07T01:33:24.484048000Z,292334523,0.00500045,38522.75,2022-03-07T01:33:24.583911000Z,buy
coinbase-btc-usd-spot,2022-03-07T01:33:24.696375000Z,292334524,0.00330073,38526.35,2022-03-07T01:33:24.796766000Z,buy
coinbase-btc-usd-spot,2022-03-07T01:33:24.709055000Z,292334525,0.00392667,38526.36,2022-03-07T01:33:24.796766000Z,buy
coinbase-btc-usd-spot,2022-03-07T01:33:24.709055000Z,292334526,0.00106424,38527.23,2022-03-07T01:33:24.796766000Z,buy
coinbase-btc-usd-spot,2022-03-07T01:33:24.709055000Z,292334527,0.12507248,38527.24,2022-03-07T01:33:24.796766000Z,buy
coinbase-btc-usd-spot,2022-03-07T01:33:24.794133000Z,292334528,0.00364258,38533.1,2022-03-07T01:33:24.929539000Z,buy
coinbase-btc-usd-spot,2022-03-07T01:33:24.794133000Z,292334529,0.00364258,38533.11,2022-03-07T01:33:24.929539000Z,buy
coinbase-btc-usd-spot,2022-03-07T01:33:24.794133000Z,292334530,0.05771484,38533.12,2022-03-07T01:33:24.929539000Z,buy
coinbase-btc-usd-spot,2022-03-07T01:33:24.844734000Z,292334531,0.0048,38527.22,2022-03-07T01:33:24.929539000Z,buy
coinbase-btc-usd-spot,2022-03-07T01:33:24.858130000Z,292334532,0.00003252,38527.22,2022-03-07T01:33:24.929539000Z,buy
coinbase-btc-usd-spot,2022-03-07T01:33:24.885680000Z,292334533,0.0040122,38527.23,2022-03-07T01:33:25.006322000Z,buy
coinbase-btc-usd-spot,2022-03-07T01:33:24.942423000Z,292334534,0.00335,38532.51,2022-03-07T01:33:25.046091000Z,buy
coinbase-btc-usd-spot,2022-03-07T01:33:24.962817000Z,292334535,0.00000905,38532.51,2022-03-07T01:33:25.046091000Z,buy
coinbase-btc-usd-spot,2022-03-07T01:33:24.962817000Z,292334536,0.00504095,38532.52,2022-03-07T01:33:25.046091000Z,buy
coinbase-btc-usd-spot,2022-03-07T01:33:25.055455000Z,292334537,0.00001706,38532.52,2022-03-07T01:33:25.179757000Z,buy
coinbase-btc-usd-spot,2022-03-07T01:33:25.055455000Z,292334538,0.00011045,38534.91,2022-03-07T01:33:25.179757000Z,buy
coinbase-btc-usd-spot,2022-03-07T01:33:25.242512000Z,292334539,0.004,38532.51,2022-03-07T01:33:25.336998000Z,buy
coinbase-btc-usd-spot,2022-03-07T01:33:25.254833000Z,292334540,0.00000442,38532.51,2022-03-07T01:33:25.336998000Z,buy
coinbase-btc-usd-spot,2022-03-07T01:33:25.254833000Z,292334541,0.00493558,38532.52,2022-03-07T01:33:25.336998000Z,buy
coinbase-btc-usd-spot,2022-03-07T01:33:25.349538000Z,292334542,0.00393,38534.9,2022-03-07T01:33:25.429646000Z,buy
coinbase-btc-usd-spot,2022-03-07T01:33:25.358021000Z,292334543,0.00000056,38534.9,2022-03-07T01:33:25.429646000Z,buy
coinbase-btc-usd-spot,2022-03-07T01:33:25.358021000Z,292334544,0.00342903,38534.91,2022-03-07T01:33:25.429646000Z,buy
coinbase-btc-usd-spot,2022-03-07T01:33:25.421421000Z,292334545,0.24517,38538.64,2022-03-07T01:33:25.506264000Z,buy
coinbase-btc-usd-spot,2022-03-07T01:33:25.572977000Z,292334546,0.00452,38538.63,2022-03-07T01:33:25.679976000Z,buy
coinbase-btc-usd-spot,2022-03-07T01:33:25.634437000Z,292334547,0.00266317,38538.62,2022-03-07T01:33:25.757407000Z,buy
coinbase-btc-usd-spot,2022-03-07T01:33:25.634437000Z,292334548,0.00099683,38538.62,2022-03-07T01:33:25.757407000Z,buy
coinbase-btc-usd-spot,2022-03-07T01:33:25.658033000Z,292334549,0.00000317,38538.62,2022-03-07T01:33:25.757407000Z,buy
coinbase-btc-usd-spot,2022-03-07T01:33:25.658033000Z,292334550,0.00186422,38538.62,2022-03-07T01:33:25.757407000Z,buy
coinbase-btc-usd-spot,2022-03-07T01:33:25.658033000Z,292334551,0.00000928,38538.63,2022-03-07T01:33:25.757407000Z,buy
coinbase-btc-usd-spot,2022-03-07T01:33:25.658033000Z,292334552,0.00000129,38538.64,2022-03-07T01:33:25.757407000Z,buy
coinbase-btc-usd-spot,2022-03-07T01:33:25.658033000Z,292334553,0.00244204,38538.64,2022-03-07T01:33:25.757407000Z,buy
coinbase-btc-usd-spot,2022-03-07T01:33:25.693733000Z,292334554,0.00186422,38538.63,2022-03-07T01:33:25.796662000Z,buy
coinbase-btc-usd-spot,2022-03-07T01:33:25.693733000Z,292334555,0.00000578,38538.64,2022-03-07T01:33:25.796662000Z,buy
coinbase-btc-usd-spot,2022-03-07T01:33:25.713665000Z,292334556,0.00187,38538.64,2022-03-07T01:33:25.796662000Z,buy
coinbase-btc-usd-spot,2022-03-07T01:33:26.469118000Z,292334557,0.001,38542.84,2022-03-07T01:33:26.547393000Z,buy
coinbase-btc-usd-spot,2022-03-07T01:33:26.469118000Z,292334558,0.001,38542.84,2022-03-07T01:33:26.547393000Z,buy
coinbase-btc-usd-spot,2022-03-07T01:33:26.469118000Z,292334559,0.001,38542.85,2022-03-07T01:33:26.547393000Z,buy
coinbase-btc-usd-spot,2022-03-07T01:33:26.469118000Z,292334560,0.001,38542.86,2022-03-07T01:33:26.547393000Z,buy
coinbase-btc-usd-spot,2022-03-07T01:33:26.469118000Z,292334561,0.00465547,38542.87,2022-03-07T01:33:26.547393000Z,buy
coinbase-btc-usd-spot,2022-03-07T01:33:26.469118000Z,292334562,0.001,38543.22,2022-03-07T01:33:26.547393000Z,buy
coinbase-btc-usd-spot,2022-03-07T01:33:26.469118000Z,292334563,0.00566062,38543.74,2022-03-07T01:33:26.547393000Z,buy
coinbase-btc-usd-spot,2022-03-07T01:33:26.469118000Z,292334564,0.00387613,38543.75,2022-03-07T01:33:26.547393000Z,buy
coinbase-btc-usd-spot,2022-03-07T01:33:26.469118000Z,292334565,0.04,38546.75,2022-03-07T01:33:26.547393000Z,buy
coinbase-btc-usd-spot,2022-03-07T01:33:26.469118000Z,292334566,0.01636844,38546.76,2022-03-07T01:33:26.547393000Z,buy
coinbase-btc-usd-spot,2022-03-07T01:33:28.228642000Z,292334567,0.0011244,38542.02,2022-03-07T01:33:28.298494000Z,sell
coinbase-btc-usd-spot,2022-03-07T01:33:28.373957000Z,292334568,0.001,38542.06,2022-03-07T01:33:28.508064000Z,sell
coinbase-btc-usd-spot,2022-03-07T01:33:28.373957000Z,292334569,0.00151772,38542.06,2022-03-07T01:33:28.508064000Z,sell
coinbase-btc-usd-spot,2022-03-07T01:33:28.373957000Z,292334570,0.001,38542.05,2022-03-07T01:33:28.508064000Z,sell
coinbase-btc-usd-spot,2022-03-07T01:33:28.373957000Z,292334571,0.00151772,38542.05,2022-03-07T01:33:28.508064000Z,sell
coinbase-btc-usd-spot,2022-03-07T01:33:28.373957000Z,292334572,0.00151772,38542.04,2022-03-07T01:33:28.508064000Z,sell
coinbase-btc-usd-spot,2022-03-07T01:33:28.373957000Z,292334573,0.001,38542.03,2022-03-07T01:33:28.508064000Z,sell
coinbase-btc-usd-spot,2022-03-07T01:33:28.373957000Z,292334574,0.00093659,38542.02,2022-03-07T01:33:28.508064000Z,sell
coinbase-btc-usd-spot,2022-03-07T01:33:28.522908000Z,292334575,0.00245431,38542.06,2022-03-07T01:33:28.591628000Z,sell
coinbase-btc-usd-spot,2022-03-07T01:33:28.522908000Z,292334576,0.001,38542.06,2022-03-07T01:33:28.591628000Z,sell
coinbase-btc-usd-spot,2022-03-07T01:33:28.522908000Z,292334577,0.00245431,38542.03,2022-03-07T01:33:28.591628000Z,sell
coinbase-btc-usd-spot,2022-03-07T01:33:28.580877000Z,292334578,0.001,38540.06,2022-03-07T01:33:28.681631000Z,sell
coinbase-btc-usd-spot,2022-03-07T01:33:28.580877000Z,292334579,0.001,38540.06,2022-03-07T01:33:28.681631000Z,sell
coinbase-btc-usd-spot,2022-03-07T01:33:28.580877000Z,292334580,0.001,38540.05,2022-03-07T01:33:28.681631000Z,sell
coinbase-btc-usd-spot,2022-03-07T01:33:28.580877000Z,292334581,0.00043704,38540.05,2022-03-07T01:33:28.681631000Z,sell
coinbase-btc-usd-spot,2022-03-07T01:33:28.622957000Z,292334582,0.001,38540.06,2022-03-07T01:33:28.758898000Z,sell
coinbase-btc-usd-spot,2022-03-07T01:33:28.622957000Z,292334583,0.001,38540.06,2022-03-07T01:33:28.758898000Z,sell
coinbase-btc-usd-spot,2022-03-07T01:33:28.622957000Z,292334584,0.001,38540.05,2022-03-07T01:33:28.758898000Z,sell
coinbase-btc-usd-spot,2022-03-07T01:33:28.622957000Z,292334585,0.001,38539.73,2022-03-07T01:33:28.758898000Z,sell
coinbase-btc-usd-spot,2022-03-07T01:33:28.622957000Z,292334586,0.001,38539.73,2022-03-07T01:33:28.758898000Z,sell
coinbase-btc-usd-spot,2022-03-07T01:33:28.651532000Z,292334587,0.001,38540.06,2022-03-07T01:33:28.758898000Z,sell
coinbase-btc-usd-spot,2022-03-07T01:33:29.446211000Z,292334588,0.00184823,38536.61,2022-03-07T01:33:29.549308000Z,buy
coinbase-btc-usd-spot,2022-03-07T01:33:29.446211000Z,292334589,0.00212567,38536.61,2022-03-07T01:33:29.549308000Z,buy
coinbase-btc-usd-spot,2022-03-07T01:33:30.296680000Z,292334590,0.00319802,38536.61,2022-03-07T01:33:30.432719000Z,buy
coinbase-btc-usd-spot,2022-03-07T01:33:30.296680000Z,292334591,0.00129376,38536.61,2022-03-07T01:33:30.432719000Z,buy
coinbase-btc-usd-spot,2022-03-07T01:33:30.296680000Z,292334592,0.00414822,38536.61,2022-03-07T01:33:30.432719000Z,buy
coinbase-btc-usd-spot,2022-03-07T01:33:30.318495000Z,292334593,0.00000881,38536.61,2022-03-07T01:33:30.432719000Z,buy
coinbase-btc-usd-spot,2022-03-07T01:33:30.318495000Z,292334594,0.00386119,38536.62,2022-03-07T01:33:30.432719000Z,buy
coinbase-btc-usd-spot,2022-03-07T01:33:30.515786000Z,292334595,0.0000103,38536.62,2022-03-07T01:33:30.601645000Z,buy
coinbase-btc-usd-spot,2022-03-07T01:33:30.515786000Z,292334596,0.0029097,38536.62,2022-03-07T01:33:30.601645000Z,buy
coinbase-btc-usd-spot,2022-03-07T01:33:30.566920000Z,292334597,0.00000287,38536.62,2022-03-07T01:33:30.682551000Z,buy
coinbase-btc-usd-spot,2022-03-07T01:33:30.566920000Z,292334598,0.00124713,38536.62,2022-03-07T01:33:30.682551000Z,buy
coinbase-btc-usd-spot,2022-03-07T01:33:30.598026000Z,292334599,0.00078,38536.62,2022-03-07T01:33:30.682551000Z,buy
coinbase-btc-usd-spot,2022-03-07T01:33:30.612547000Z,292334600,0.00022,38536.62,2022-03-07T01:33:30.682551000Z,buy
coinbase-btc-usd-spot,2022-03-07T01:33:30.739528000Z,292334601,0.00192257,38536.62,2022-03-07T01:33:30.858028000Z,buy
coinbase-btc-usd-spot,2022-03-07T01:33:30.739528000Z,292334602,0.00544793,38536.63,2022-03-07T01:33:30.858028000Z,buy
coinbase-btc-usd-spot,2022-03-07T01:33:30.915835000Z,292334603,0.001,38543.77,2022-03-07T01:33:31.015979000Z,buy
coinbase-btc-usd-spot,2022-03-07T01:33:30.915835000Z,292334604,0.0026,38543.78,2022-03-07T01:33:31.015979000Z,buy
coinbase-btc-usd-spot,2022-03-07T01:33:30.956040000Z,292334605,0.00263036,38543.77,2022-03-07T01:33:31.051624000Z,buy
coinbase-btc-usd-spot,2022-03-07T01:33:30.956040000Z,292334606,0.00003036,38543.78,2022-03-07T01:33:31.051624000Z,buy
coinbase-btc-usd-spot,2022-03-07T01:33:30.986913000Z,292334607,0.00410476,38543.77,2022-03-07T01:33:31.051624000Z,buy
coinbase-btc-usd-spot,2022-03-07T01:33:30.986913000Z,292334608,0.00263036,38544.38,2022-03-07T01:33:31.183111000Z,buy
coinbase-btc-usd-spot,2022-03-07T01:33:30.986913000Z,292334609,0.00263036,38545.86,2022-03-07T01:33:31.183111000Z,buy
coinbase-btc-usd-spot,2022-03-07T01:33:30.997960000Z,292334610,0.00374357,38543.78,2022-03-07T01:33:31.183111000Z,buy
coinbase-btc-usd-spot,2022-03-07T01:33:31.374391000Z,292334611,0.001,38547.06,2022-03-07T01:33:31.511241000Z,buy
coinbase-btc-usd-spot,2022-03-07T01:33:31.374391000Z,292334612,0.00001607,38547.06,2022-03-07T01:33:31.511241000Z,buy
coinbase-btc-usd-spot,2022-03-07T01:33:31.576355000Z,292334613,0.00090273,38547.06,2022-03-07T01:33:31.684407000Z,buy
coinbase-btc-usd-spot,2022-03-07T01:33:32.158105000Z,292334614,0.00002188,38543.77,2022-03-07T01:33:32.261575000Z,sell
coinbase-btc-usd-spot,2022-03-07T01:33:32.217911000Z,292334615,0.00282607,38543.78,2022-03-07T01:33:32.301742000Z,sell
coinbase-btc-usd-spot,2022-03-07T01:33:32.506073000Z,292334616,0.00197825,38540.67,2022-03-07T01:33:32.613227000Z,sell
coinbase-btc-usd-spot,2022-03-07T01:33:32.506073000Z,292334617,0.00197825,38540.66,2022-03-07T01:33:32.613227000Z,sell
coinbase-btc-usd-spot,2022-03-07T01:33:32.830192000Z,292334618,0.001,38540.06,2022-03-07T01:33:32.933412000Z,sell
coinbase-btc-usd-spot,2022-03-07T01:33:32.830192000Z,292334619,0.001,38540.05,2022-03-07T01:33:32.933412000Z,sell
coinbase-btc-usd-spot,2022-03-07T01:33:32.830192000Z,292334620,0.00197825,38540.04,2022-03-07T01:33:32.933412000Z,sell
coinbase-btc-usd-spot,2022-03-07T01:33:32.936741000Z,292334621,0.001,38540.04,2022-03-07T01:33:33.012000000Z,sell
coinbase-btc-usd-spot,2022-03-07T01:33:32.936741000Z,292334622,0.001,38540.03,2022-03-07T01:33:33.012000000Z,sell
coinbase-btc-usd-spot,2022-03-07T01:33:33.498152000Z,292334623,0.00483,38540.04,2022-03-07T01:33:33.615973000Z,buy
coinbase-btc-usd-spot,2022-03-07T01:33:33.525960000Z,292334624,0.00000352,38540.04,2022-03-07T01:33:33.615973000Z,buy
coinbase-btc-usd-spot,2022-03-07T01:33:33.525960000Z,292334625,0.00299648,38540.05,2022-03-07T01:33:33.615973000Z,buy
coinbase-btc-usd-spot,2022-03-07T01:33:34.822910000Z,292334626,0.00088529,38541.69,2022-03-07T01:33:34.934336000Z,sell
coinbase-btc-usd-spot,2022-03-07T01:33:35.367034000Z,292334627,0.00372375,38543.61,2022-03-07T01:33:35.434850000Z,buy
coinbase-btc-usd-spot,2022-03-07T01:33:35.614845000Z,292334628,0.00140442,38541.72,2022-03-07T01:33:35.684920000Z,sell
coinbase-btc-usd-spot,2022-03-07T01:33:35.614845000Z,292334629,0.035344,38541.68,2022-03-07T01:33:35.684920000Z,sell
coinbase-btc-usd-spot,2022-03-07T01:33:35.638375000Z,292334630,0.00118536,38540.48,2022-03-07T01:33:35.763246000Z,sell
coinbase-btc-usd-spot,2022-03-07T01:33:37.497906000Z,292334631,0.00069532,38539.35,2022-03-07T01:33:37.622758000Z,sell
coinbase-btc-usd-spot,2022-03-07T01:33:37.786489000Z,292334632,0.001,38539.96,2022-03-07T01:33:37.875511000Z,sell
coinbase-btc-usd-spot,2022-03-07T01:33:37.786489000Z,292334633,0.035344,38538.95,2022-03-07T01:33:37.875511000Z,sell
coinbase-btc-usd-spot,2022-03-07T01:33:37.786489000Z,292334634,0.01813506,38537.87,2022-03-07T01:33:37.875511000Z,sell
coinbase-btc-usd-spot,2022-03-07T01:33:37.786489000Z,292334635,0.02471079,38537.86,2022-03-07T01:33:37.875511000Z,sell
coinbase-btc-usd-spot,2022-03-07T01:33:37.820620000Z,292334636,0.001,38537.87,2022-03-07T01:33:37.936135000Z,sell
coinbase-btc-usd-spot,2022-03-07T01:33:37.837999000Z,292334637,0.00834,38537.42,2022-03-07T01:33:37.936135000Z,sell
coinbase-btc-usd-spot,2022-03-07T01:33:39.609937000Z,292334638,0.00147246,38534.02,2022-03-07T01:33:39.686553000Z,buy
coinbase-btc-usd-spot,2022-03-07T01:33:39.934385000Z,292334639,0.00047786,38534.02,2022-03-07T01:33:40.016577000Z,buy
coinbase-btc-usd-spot,2022-03-07T01:33:40.047925000Z,292334640,0.00010352,38534.02,2022-03-07T01:33:40.138088000Z,buy
coinbase-btc-usd-spot,2022-03-07T01:33:40.113693000Z,292334641,0.00012923,38534.02,2022-03-07T01:33:40.186939000Z,buy
coinbase-btc-usd-spot,2022-03-07T01:33:40.197031000Z,292334642,0.00190789,38534.02,2022-03-07T01:33:40.266698000Z,buy
coinbase-btc-usd-spot,2022-03-07T01:33:40.197031000Z,292334643,0.00136711,38534.02,2022-03-07T01:33:40.266698000Z,buy
coinbase-btc-usd-spot,2022-03-07T01:33:40.197031000Z,292334644,0.0125881,38534.02,2022-03-07T01:33:40.266698000Z,buy
coinbase-btc-usd-spot,2022-03-07T01:33:40.197031000Z,292334645,0.00450532,38534.03,2022-03-07T01:33:40.266698000Z,buy
coinbase-btc-usd-spot,2022-03-07T01:33:40.255111000Z,292334646,0.00131733,38539.66,2022-03-07T01:33:40.388050000Z,buy
coinbase-btc-usd-spot,2022-03-07T01:33:40.396000000Z,292334647,0.0002327,38539.58,2022-03-07T01:33:40.517428000Z,buy
coinbase-btc-usd-spot,2022-03-07T01:33:40.961133000Z,292334648,0.00213102,38534.02,2022-03-07T01:33:41.057825000Z,sell
coinbase-btc-usd-spot,2022-03-07T01:33:40.961133000Z,292334649,0.0250184,38534.01,2022-03-07T01:33:41.057825000Z,sell
coinbase-btc-usd-spot,2022-03-07T01:33:40.965190000Z,292334650,0.28630582,38534.01,2022-03-07T01:33:41.057825000Z,sell
coinbase-btc-usd-spot,2022-03-07T01:33:40.965190000Z,292334651,0.11271018,38534.01,2022-03-07T01:33:41.057825000Z,sell
coinbase-btc-usd-spot,2022-03-07T01:33:40.973225000Z,292334652,0.020272,38534.01,2022-03-07T01:33:41.057825000Z,sell
coinbase-btc-usd-spot,2022-03-07T01:33:41.044626000Z,292334653,0.0030349,38532.52,2022-03-07T01:33:41.187958000Z,sell
coinbase-btc-usd-spot,2022-03-07T01:33:41.176185000Z,292334654,0.00300218,38532.08,2022-03-07T01:33:41.267267000Z,buy
coinbase-btc-usd-spot,2022-03-07T01:33:41.176185000Z,292334655,0.00218111,38532.08,2022-03-07T01:33:41.267267000Z,buy
coinbase-btc-usd-spot,2022-03-07T01:33:41.176185000Z,292334656,0.03731081,38532.09,2022-03-07T01:33:41.267267000Z,buy
coinbase-btc-usd-spot,2022-03-07T01:33:41.176185000Z,292334657,0.03834659,38532.1,2022-03-07T01:33:41.267267000Z,buy
coinbase-btc-usd-spot,2022-03-07T01:33:41.364560000Z,292334658,0.0002327,38531.99,2022-03-07T01:33:41.438479000Z,buy
coinbase-btc-usd-spot,2022-03-07T01:33:41.814540000Z,292334659,0.31135888,38531.98,2022-03-07T01:33:41.890784000Z,sell
coinbase-btc-usd-spot,2022-03-07T01:33:41.814540000Z,292334660,0.00186499,38531.98,2022-03-07T01:33:41.890784000Z,sell
coinbase-btc-usd-spot,2022-03-07T01:33:41.814540000Z,292334661,0.20755613,38531.32,2022-03-07T01:33:41.890784000Z,sell
coinbase-btc-usd-spot,2022-03-07T01:33:41.818474000Z,292334662,0.00001382,38531.32,2022-03-07T01:33:41.890784000Z,sell
coinbase-btc-usd-spot,2022-03-07T01:33:42.477734000Z,292334663,0.00012902,38521.37,2022-03-07T01:33:42.559002000Z,buy
coinbase-btc-usd-spot,2022-03-07T01:33:42.700829000Z,292334664,0.00148807,38521.35,2022-03-07T01:33:42.768388000Z,buy
coinbase-btc-usd-spot,2022-03-07T01:33:42.700829000Z,292334665,0.00334651,38521.36,2022-03-07T01:33:42.768388000Z,buy
coinbase-btc-usd-spot,2022-03-07T01:33:42.700829000Z,292334666,0.00338162,38521.37,2022-03-07T01:33:42.768388000Z,buy
coinbase-btc-usd-spot,2022-03-07T01:33:42.708519000Z,292334667,0.035344,38523.11,2022-03-07T01:33:42.809202000Z,buy
coinbase-btc-usd-spot,2022-03-07T01:33:42.708519000Z,292334668,0.06165653,38523.63,2022-03-07T01:33:42.809202000Z,buy
coinbase-btc-usd-spot,2022-03-07T01:33:42.736678000Z,292334669,0.00104165,38523.1,2022-03-07T01:33:42.809202000Z,buy
coinbase-btc-usd-spot,2022-03-07T01:33:42.736678000Z,292334670,0.00104165,38523.62,2022-03-07T01:33:42.809202000Z,buy
coinbase-btc-usd-spot,2022-03-07T01:33:42.792887000Z,292334671,0.00401019,38521.34,2022-03-07T01:33:42.892901000Z,buy
coinbase-btc-usd-spot,2022-03-07T01:33:42.807906000Z,292334672,0.00042967,38521.24,2022-03-07T01:33:42.892901000Z,sell
coinbase-btc-usd-spot,2022-03-07T01:33:42.811466000Z,292334673,0.00416119,38521.35,2022-03-07T01:33:42.892901000Z,buy
coinbase-btc-usd-spot,2022-03-07T01:33:42.907848000Z,292334674,0.00509,38525.59,2022-03-07T01:33:43.019418000Z,buy
coinbase-btc-usd-spot,2022-03-07T01:33:42.931447000Z,292334675,0.00000877,38525.59,2022-03-07T01:33:43.019418000Z,buy
coinbase-btc-usd-spot,2022-03-07T01:33:42.931447000Z,292334676,0.00499123,38525.6,2022-03-07T01:33:43.019418000Z,buy
coinbase-btc-usd-spot,2022-03-07T01:33:42.942767000Z,292334677,0.00000922,38525.6,2022-03-07T01:33:43.019418000Z,buy
coinbase-btc-usd-spot,2022-03-07T01:33:43.030363000Z,292334678,0.0021,38528.01,2022-03-07T01:33:43.143993000Z,buy
coinbase-btc-usd-spot,2022-03-07T01:33:43.051044000Z,292334679,0.00138,38528.01,2022-03-07T01:33:43.190105000Z,buy
coinbase-btc-usd-spot,2022-03-07T01:33:43.085257000Z,292334680,0.00000772,38528.01,2022-03-07T01:33:43.190105000Z,buy
coinbase-btc-usd-spot,2022-03-07T01:33:43.085257000Z,292334681,0.00269228,38528.02,2022-03-07T01:33:43.190105000Z,buy
coinbase-btc-usd-spot,2022-03-07T01:33:43.203021000Z,292334682,0.00141,38529.62,2022-03-07T01:33:43.269498000Z,buy
coinbase-btc-usd-spot,2022-03-07T01:33:43.273977000Z,292334683,0.00210143,38529.62,2022-03-07T01:33:43.394651000Z,buy
coinbase-btc-usd-spot,2022-03-07T01:33:43.273977000Z,292334684,0.00352604,38529.63,2022-03-07T01:33:43.394651000Z,buy
coinbase-btc-usd-spot,2022-03-07T01:33:43.286695000Z,292334685,0.0000802,38529.63,2022-03-07T01:33:43.394651000Z,buy
coinbase-btc-usd-spot,2022-03-07T01:33:43.349248000Z,292334686,0.00395501,38531.32,2022-03-07T01:33:43.439060000Z,buy
coinbase-btc-usd-spot,2022-03-07T01:33:43.349248000Z,292334687,0.00382634,38531.33,2022-03-07T01:33:43.439060000Z,buy
coinbase-btc-usd-spot,2022-03-07T01:33:43.504904000Z,292334688,0.19512708,38534.86,2022-03-07T01:33:43.669113000Z,buy
coinbase-btc-usd-spot,2022-03-07T01:33:43.616326000Z,292334689,0.0032,38534.85,2022-03-07T01:33:43.689370000Z,buy
coinbase-btc-usd-spot,2022-03-07T01:33:44.450409000Z,292334690,0.00379,38541.58,2022-03-07T01:33:44.521457000Z,buy
coinbase-btc-usd-spot,2022-03-07T01:33:44.552742000Z,292334691,0.00123944,38546.39,2022-03-07T01:33:44.648975000Z,buy
coinbase-btc-usd-spot,2022-03-07T01:33:44.670632000Z,292334692,0.00052682,38539.79,2022-03-07T01:33:44.770714000Z,sell
coinbase-btc-usd-spot,2022-03-07T01:33:45.015270000Z,292334693,0.0002327,38540.45,2022-03-07T01:33:45.149849000Z,buy
coinbase-btc-usd-spot,2022-03-07T01:33:45.018040000Z,292334694,0.00520875,38540.41,2022-03-07T01:33:45.149849000Z,sell
