market,time,coin_metrics_id,amount,price,database_time,side
"{'market': 'coinbase-btc-usd-spot', 'time': '2022-03-03T19:25:53.342494000Z', 'coin_metrics_id': '290742917', 'amount': '0.001', 'price': '42349.22', 'database_time': '2022-03-03T19:25:53.446746000Z', 'side': 'buy'}","{'market': 'coinbase-btc-usd-spot', 'time': '2022-03-03T19:25:53.342494000Z', 'coin_metrics_id': '290742918', 'amount': '0.00138875', 'price': '42349.23', 'database_time': '2022-03-03T19:25:53.446746000Z', 'side': 'buy'}","{'market': 'coinbase-btc-usd-spot', 'time': '2022-03-03T19:25:53.424290000Z', 'coin_metrics_id': '290742919', 'amount': '0.00021172', 'price': '42349.22', 'database_time': '2022-03-03T19:25:53.549772000Z', 'side': 'buy'}","{'market': 'coinbase-btc-usd-spot', 'time': '2022-03-03T19:25:53.590336000Z', 'coin_metrics_id': '290742920', 'amount': '0.00112753', 'price': '42349.08', 'database_time': '2022-03-03T19:25:53.697175000Z', 'side': 'buy'}","{'market': 'coinbase-btc-usd-spot', 'time': '2022-03-03T19:25:53.726591000Z', 'coin_metrics_id': '290742921', 'amount': '0.0022584', 'price': '42349.08', 'database_time': '2022-03-03T19:25:53.799665000Z', 'side': 'buy'}","{'market': 'coinbase-btc-usd-spot', 'time': '2022-03-03T19:25:54.081167000Z', 'coin_metrics_id': '290742922', 'amount': '0.01142012', 'price': '42348.79', 'database_time': '2022-03-03T19:25:54.198269000Z', 'side': 'buy'}","{'market': 'coinbase-btc-usd-spot', 'time': '2022-03-03T19:25:54.081167000Z', 'coin_metrics_id': '290742923', 'amount': '0.01142012', 'price': '42349.69', 'database_time': '2022-03-03T19:25:54.198269000Z', 'side': 'buy'}","{'market': 'coinbase-btc-usd-spot', 'time': '2022-03-03T19:25:54.081167000Z', 'coin_metrics_id': '290742924', 'amount': '1.98711222', 'price': '42349.71', 'database_time': '2022-03-03T19:25:54.198269000Z', 'side': 'buy'}","{'market': 'coinbase-btc-usd-spot', 'time': '2022-03-03T19:25:54.096535000Z', 'coin_metrics_id': '290742925', 'amount': '0.03594822', 'price': '42348.77', 'database_time': '2022-03-03T19:25:54.198269000Z', 'side': 'buy'}","{'market': 'coinbase-btc-usd-spot', 'time': '2022-03-03T19:25:54.096535000Z', 'coin_metrics_id': '290742926', 'amount': '0.19259338', 'price': '42349.69', 'database_time': '2022-03-03T19:25:54.198269000Z', 'side': 'buy'}","{'market': 'coinbase-btc-usd-spot', 'time': '2022-03-03T19:25:54.096535000Z', 'coin_metrics_id': '290742927', 'amount': '1.56341086', 'price': '42349.71', 'database_time': '2022-03-03T19:25:54.198269000Z', 'side': 'buy'}","{'market': 'coinbase-btc-usd-spot', 'time': '2022-03-03T19:25:54.111981000Z', 'coin_metrics_id': '290742928', 'amount': '0.04051954', 'price': '42349.64', 'database_time': '2022-03-03T19:25:54.198269000Z', 'side': 'buy'}","{'market': 'coinbase-btc-usd-spot', 'time': '2022-03-03T19:25:54.111981000Z', 'coin_metrics_id': '290742929', 'amount': '0.03096819', 'price': '42349.67', 'database_time': '2022-03-03T19:25:54.198269000Z', 'side': 'buy'}","{'market': 'coinbase-btc-usd-spot', 'time': '2022-03-03T19:25:54.196203000Z', 'coin_metrics_id': '290742930', 'amount': '0.00047765', 'price': '42349.71', 'database_time': '2022-03-03T19:25:54.300138000Z', 'side': 'buy'}","{'market': 'coinbase-btc-usd-spot', 'time': '2022-03-03T19:25:54.358525000Z', 'coin_metrics_id': '290742931', 'amount': '0.01924681', 'price': '42348.95', 'database_time': '2022-03-03T19:25:54.448077000Z', 'side': 'sell'}","{'market': 'coinbase-btc-usd-spot', 'time': '2022-03-03T19:25:54.358525000Z', 'coin_metrics_id': '290742932', 'amount': '0.001', 'price': '42348.95', 'database_time': '2022-03-03T19:25:54.448077000Z', 'side': 'sell'}","{'market': 'coinbase-btc-usd-spot', 'time': '2022-03-03T19:25:54.358525000Z', 'coin_metrics_id': '290742933', 'amount': '0.001', 'price': '42348.95', 'database_time': '2022-03-03T19:25:54.448077000Z', 'side': 'sell'}","{'market': 'coinbase-btc-usd-spot', 'time': '2022-03-03T19:25:54.358525000Z', 'coin_metrics_id': '290742934', 'amount': '0.02305196', 'price': '42348.94', 'database_time': '2022-03-03T19:25:54.448077000Z', 'side': 'sell'}","{'market': 'coinbase-btc-usd-spot', 'time': '2022-03-03T19:25:54.358525000Z', 'coin_metrics_id': '290742935', 'amount': '0.01920498', 'price': '42348.94', 'database_time': '2022-03-03T19:25:54.448077000Z', 'side': 'sell'}","{'market': 'coinbase-btc-usd-spot', 'time': '2022-03-03T19:25:54.358525000Z', 'coin_metrics_id': '290742936', 'amount': '0.001', 'price': '42348.94', 'database_time': '2022-03-03T19:25:54.448077000Z', 'side': 'sell'}","{'market': 'coinbase-btc-usd-spot', 'time': '2022-03-03T19:25:54.358596000Z', 'coin_metrics_id': '290742937', 'amount': '0.00112753', 'price': '42348.93', 'database_time': '2022-03-03T19:25:54.448077000Z', 'side': 'buy'}","{'market': 'coinbase-btc-usd-spot', 'time': '2022-03-03T19:25:54.677250000Z', 'coin_metrics_id': '290742938', 'amount': '0.00043044', 'price': '42348.84', 'database_time': '2022-03-03T19:25:54.800111000Z', 'side': 'buy'}","{'market': 'coinbase-btc-usd-spot', 'time': '2022-03-03T19:25:54.839832000Z', 'coin_metrics_id': '290742939', 'amount': '0.01615693', 'price': '42348.78', 'database_time': '2022-03-03T19:25:54.947901000Z', 'side': 'buy'}","{'market': 'coinbase-btc-usd-spot', 'time': '2022-03-03T19:25:54.839832000Z', 'coin_metrics_id': '290742940', 'amount': '0.00104105', 'price': '42348.79', 'database_time': '2022-03-03T19:25:54.947901000Z', 'side': 'buy'}","{'market': 'coinbase-btc-usd-spot', 'time': '2022-03-03T19:25:54.839832000Z', 'coin_metrics_id': '290742941', 'amount': '1.40957002', 'price': '42348.79', 'database_time': '2022-03-03T19:25:54.947901000Z', 'side': 'buy'}","{'market': 'coinbase-btc-usd-spot', 'time': '2022-03-03T19:25:54.948460000Z', 'coin_metrics_id': '290742942', 'amount': '0.00055208', 'price': '42348.77', 'database_time': '2022-03-03T19:25:55.050255000Z', 'side': 'buy'}","{'market': 'coinbase-btc-usd-spot', 'time': '2022-03-03T19:25:55.411535000Z', 'coin_metrics_id': '290742943', 'amount': '0.00335158', 'price': '42348.78', 'database_time': '2022-03-03T19:25:55.550555000Z', 'side': 'buy'}","{'market': 'coinbase-btc-usd-spot', 'time': '2022-03-03T19:25:55.411535000Z', 'coin_metrics_id': '290742944', 'amount': '0.001', 'price': '42348.78', 'database_time': '2022-03-03T19:25:55.550555000Z', 'side': 'buy'}","{'market': 'coinbase-btc-usd-spot', 'time': '2022-03-03T19:25:55.411535000Z', 'coin_metrics_id': '290742945', 'amount': '0.002', 'price': '42348.78', 'database_time': '2022-03-03T19:25:55.550555000Z', 'side': 'buy'}","{'market': 'coinbase-btc-usd-spot', 'time': '2022-03-03T19:25:55.411535000Z', 'coin_metrics_id': '290742946', 'amount': '0.01622779', 'price': '42348.79', 'database_time': '2022-03-03T19:25:55.550555000Z', 'side': 'buy'}","{'market': 'coinbase-btc-usd-spot', 'time': '2022-03-03T19:25:55.772310000Z', 'coin_metrics_id': '290742947', 'amount': '0.00019977', 'price': '42348.77', 'database_time': '2022-03-03T19:25:55.948471000Z', 'side': 'sell'}","{'market': 'coinbase-btc-usd-spot', 'time': '2022-03-03T19:25:56.057900000Z', 'coin_metrics_id': '290742948', 'amount': '0.0020435', 'price': '42348.78', 'database_time': '2022-03-03T19:25:56.198724000Z', 'side': 'buy'}","{'market': 'coinbase-btc-usd-spot', 'time': '2022-03-03T19:25:56.282306000Z', 'coin_metrics_id': '290742949', 'amount': '0.0037265', 'price': '42348.78', 'database_time': '2022-03-03T19:25:56.449687000Z', 'side': 'buy'}","{'market': 'coinbase-btc-usd-spot', 'time': '2022-03-03T19:25:56.383487000Z', 'coin_metrics_id': '290742950', 'amount': '0.00080023', 'price': '42348.77', 'database_time': '2022-03-03T19:25:56.449687000Z', 'side': 'sell'}","{'market': 'coinbase-btc-usd-spot', 'time': '2022-03-03T19:25:56.383487000Z', 'coin_metrics_id': '290742951', 'amount': '0.001', 'price': '42348.77', 'database_time': '2022-03-03T19:25:56.449687000Z', 'side': 'sell'}","{'market': 'coinbase-btc-usd-spot', 'time': '2022-03-03T19:25:56.383487000Z', 'coin_metrics_id': '290742952', 'amount': '0.00006551', 'price': '42348.75', 'database_time': '2022-03-03T19:25:56.449687000Z', 'side': 'sell'}","{'market': 'coinbase-btc-usd-spot', 'time': '2022-03-03T19:25:56.636804000Z', 'coin_metrics_id': '290742953', 'amount': '0.00092997', 'price': '42348.28', 'database_time': '2022-03-03T19:25:56.700591000Z', 'side': 'buy'}","{'market': 'coinbase-btc-usd-spot', 'time': '2022-03-03T19:25:57.219519000Z', 'coin_metrics_id': '290742954', 'amount': '0.23036038', 'price': '42346.27', 'database_time': '2022-03-03T19:25:57.301279000Z', 'side': 'sell'}","{'market': 'coinbase-btc-usd-spot', 'time': '2022-03-03T19:25:57.354417000Z', 'coin_metrics_id': '290742955', 'amount': '0.00538426', 'price': '42346.27', 'database_time': '2022-03-03T19:25:57.450323000Z', 'side': 'sell'}","{'market': 'coinbase-btc-usd-spot', 'time': '2022-03-03T19:25:58.172653000Z', 'coin_metrics_id': '290742956', 'amount': '0.0023461', 'price': '42347.29', 'database_time': '2022-03-03T19:25:58.302245000Z', 'side': 'buy'}","{'market': 'coinbase-btc-usd-spot', 'time': '2022-03-03T19:25:58.172653000Z', 'coin_metrics_id': '290742957', 'amount': '0.0023461', 'price': '42347.3', 'database_time': '2022-03-03T19:25:58.302245000Z', 'side': 'buy'}","{'market': 'coinbase-btc-usd-spot', 'time': '2022-03-03T19:25:58.172653000Z', 'coin_metrics_id': '290742958', 'amount': '0.0023461', 'price': '42347.31', 'database_time': '2022-03-03T19:25:58.302245000Z', 'side': 'buy'}","{'market': 'coinbase-btc-usd-spot', 'time': '2022-03-03T19:25:58.172653000Z', 'coin_metrics_id': '290742959', 'amount': '0.0023461', 'price': '42347.32', 'database_time': '2022-03-03T19:25:58.302245000Z', 'side': 'buy'}","{'market': 'coinbase-btc-usd-spot', 'time': '2022-03-03T19:25:58.172653000Z', 'coin_metrics_id': '290742960', 'amount': '0.00163068', 'price': '42347.37', 'database_time': '2022-03-03T19:25:58.302245000Z', 'side': 'buy'}","{'market': 'coinbase-btc-usd-spot', 'time': '2022-03-03T19:25:58.254481000Z', 'coin_metrics_id': '290742961', 'amount': '0.00021172', 'price': '42347.29', 'database_time': '2022-03-03T19:25:58.450926000Z', 'side': 'buy'}","{'market': 'coinbase-btc-usd-spot', 'time': '2022-03-03T19:25:58.468790000Z', 'coin_metrics_id': '290742962', 'amount': '0.001', 'price': '42347.17', 'database_time': '2022-03-03T19:25:58.552263000Z', 'side': 'buy'}","{'market': 'coinbase-btc-usd-spot', 'time': '2022-03-03T19:25:58.468790000Z', 'coin_metrics_id': '290742963', 'amount': '0.00489358', 'price': '42347.18', 'database_time': '2022-03-03T19:25:58.552263000Z', 'side': 'buy'}","{'market': 'coinbase-btc-usd-spot', 'time': '2022-03-03T19:25:58.468790000Z', 'coin_metrics_id': '290742964', 'amount': '0.01124994', 'price': '42347.27', 'database_time': '2022-03-03T19:25:58.552263000Z', 'side': 'buy'}","{'market': 'coinbase-btc-usd-spot', 'time': '2022-03-03T19:25:58.468790000Z', 'coin_metrics_id': '290742965', 'amount': '0.00078828', 'price': '42347.29', 'database_time': '2022-03-03T19:25:58.552263000Z', 'side': 'buy'}","{'market': 'coinbase-btc-usd-spot', 'time': '2022-03-03T19:25:58.468790000Z', 'coin_metrics_id': '290742966', 'amount': '0.001', 'price': '42347.3', 'database_time': '2022-03-03T19:25:58.552263000Z', 'side': 'buy'}","{'market': 'coinbase-btc-usd-spot', 'time': '2022-03-03T19:25:58.468790000Z', 'coin_metrics_id': '290742967', 'amount': '0.001', 'price': '42347.31', 'database_time': '2022-03-03T19:25:58.552263000Z', 'side': 'buy'}","{'market': 'coinbase-btc-usd-spot', 'time': '2022-03-03T19:25:58.468790000Z', 'coin_metrics_id': '290742968', 'amount': '0.0099369', 'price': '42347.33', 'database_time': '2022-03-03T19:25:58.552263000Z', 'side': 'buy'}","{'market': 'coinbase-btc-usd-spot', 'time': '2022-03-03T19:25:58.468790000Z', 'coin_metrics_id': '290742969', 'amount': '0.6771445', 'price': '42347.33', 'database_time': '2022-03-03T19:25:58.552263000Z', 'side': 'buy'}","{'market': 'coinbase-btc-usd-spot', 'time': '2022-03-03T19:25:58.565878000Z', 'coin_metrics_id': '290742970', 'amount': '0.001', 'price': '42347.16', 'database_time': '2022-03-03T19:25:58.701283000Z', 'side': 'buy'}","{'market': 'coinbase-btc-usd-spot', 'time': '2022-03-03T19:25:58.565878000Z', 'coin_metrics_id': '290742971', 'amount': '0.00007003', 'price': '42347.16', 'database_time': '2022-03-03T19:25:58.701283000Z', 'side': 'buy'}","{'market': 'coinbase-btc-usd-spot', 'time': '2022-03-03T19:25:58.565878000Z', 'coin_metrics_id': '290742972', 'amount': '0.00062114', 'price': '42347.33', 'database_time': '2022-03-03T19:25:58.701283000Z', 'side': 'buy'}","{'market': 'coinbase-btc-usd-spot', 'time': '2022-03-03T19:25:58.678743000Z', 'coin_metrics_id': '290742973', 'amount': '0.0086', 'price': '42346.44', 'database_time': '2022-03-03T19:25:58.802089000Z', 'side': 'sell'}","{'market': 'coinbase-btc-usd-spot', 'time': '2022-03-03T19:25:59.166432000Z', 'coin_metrics_id': '290742974', 'amount': '0.00112724', 'price': '42347.2', 'database_time': '2022-03-03T19:25:59.302351000Z', 'side': 'buy'}","{'market': 'coinbase-btc-usd-spot', 'time': '2022-03-03T19:25:59.437073000Z', 'coin_metrics_id': '290742975', 'amount': '0.00060031', 'price': '42347.18', 'database_time': '2022-03-03T19:25:59.552655000Z', 'side': 'buy'}","{'market': 'coinbase-btc-usd-spot', 'time': '2022-03-03T19:25:59.543606000Z', 'coin_metrics_id': '290742976', 'amount': '0.001', 'price': '42347.16', 'database_time': '2022-03-03T19:25:59.701778000Z', 'side': 'buy'}","{'market': 'coinbase-btc-usd-spot', 'time': '2022-03-03T19:25:59.543606000Z', 'coin_metrics_id': '290742977', 'amount': '0.00992497', 'price': '42347.17', 'database_time': '2022-03-03T19:25:59.701778000Z', 'side': 'buy'}","{'market': 'coinbase-btc-usd-spot', 'time': '2022-03-03T19:25:59.543606000Z', 'coin_metrics_id': '290742978', 'amount': '0.00374188', 'price': '42347.2', 'database_time': '2022-03-03T19:25:59.701778000Z', 'side': 'buy'}","{'market': 'coinbase-btc-usd-spot', 'time': '2022-03-03T19:25:59.543606000Z', 'coin_metrics_id': '290742979', 'amount': '0.00324608', 'price': '42347.2', 'database_time': '2022-03-03T19:25:59.701778000Z', 'side': 'buy'}","{'market': 'coinbase-btc-usd-spot', 'time': '2022-03-03T19:25:59.543606000Z', 'coin_metrics_id': '290742980', 'amount': '0.0011403', 'price': '42347.2', 'database_time': '2022-03-03T19:25:59.701778000Z', 'side': 'buy'}","{'market': 'coinbase-btc-usd-spot', 'time': '2022-03-03T19:25:59.543606000Z', 'coin_metrics_id': '290742981', 'amount': '0.94806995', 'price': '42347.2', 'database_time': '2022-03-03T19:25:59.701778000Z', 'side': 'buy'}","{'market': 'coinbase-btc-usd-spot', 'time': '2022-03-03T19:25:59.823563000Z', 'coin_metrics_id': '290742982', 'amount': '0.00043473', 'price': '42347.2', 'database_time': '2022-03-03T19:25:59.951542000Z', 'side': 'buy'}","{'market': 'coinbase-btc-usd-spot', 'time': '2022-03-03T19:25:59.944285000Z', 'coin_metrics_id': '290742983', 'amount': '0.00117601', 'price': '42347.19', 'database_time': '2022-03-03T19:26:00.053039000Z', 'side': 'buy'}","{'market': 'coinbase-btc-usd-spot', 'time': '2022-03-03T19:26:00.066049000Z', 'coin_metrics_id': '290742984', 'amount': '0.00336922', 'price': '42346.63', 'database_time': '2022-03-03T19:26:00.202119000Z', 'side': 'sell'}","{'market': 'coinbase-btc-usd-spot', 'time': '2022-03-03T19:26:00.066049000Z', 'coin_metrics_id': '290742985', 'amount': '0.00003345', 'price': '42346.62', 'database_time': '2022-03-03T19:26:00.202119000Z', 'side': 'sell'}","{'market': 'coinbase-btc-usd-spot', 'time': '2022-03-03T19:26:00.087121000Z', 'coin_metrics_id': '290742986', 'amount': '0.00333577', 'price': '42346.62', 'database_time': '2022-03-03T19:26:00.202119000Z', 'side': 'sell'}","{'market': 'coinbase-btc-usd-spot', 'time': '2022-03-03T19:26:00.087121000Z', 'coin_metrics_id': '290742987', 'amount': '0.00128655', 'price': '42346.61', 'database_time': '2022-03-03T19:26:00.202119000Z', 'side': 'sell'}","{'market': 'coinbase-btc-usd-spot', 'time': '2022-03-03T19:26:00.559511000Z', 'coin_metrics_id': '290742988', 'amount': '0.001', 'price': '42347.07', 'database_time': '2022-03-03T19:26:00.702579000Z', 'side': 'buy'}","{'market': 'coinbase-btc-usd-spot', 'time': '2022-03-03T19:26:00.559511000Z', 'coin_metrics_id': '290742989', 'amount': '0.00178732', 'price': '42347.08', 'database_time': '2022-03-03T19:26:00.702579000Z', 'side': 'buy'}","{'market': 'coinbase-btc-usd-spot', 'time': '2022-03-03T19:26:00.631082000Z', 'coin_metrics_id': '290742990', 'amount': '0.001', 'price': '42347.04', 'database_time': '2022-03-03T19:26:00.702579000Z', 'side': 'buy'}","{'market': 'coinbase-btc-usd-spot', 'time': '2022-03-03T19:26:00.631082000Z', 'coin_metrics_id': '290742991', 'amount': '0.00011091', 'price': '42347.05', 'database_time': '2022-03-03T19:26:00.702579000Z', 'side': 'buy'}","{'market': 'coinbase-btc-usd-spot', 'time': '2022-03-03T19:26:01.171386000Z', 'coin_metrics_id': '290742992', 'amount': '0.001', 'price': '42347.01', 'database_time': '2022-03-03T19:26:01.303437000Z', 'side': 'buy'}","{'market': 'coinbase-btc-usd-spot', 'time': '2022-03-03T19:26:01.171386000Z', 'coin_metrics_id': '290742993', 'amount': '0.000128', 'price': '42347.02', 'database_time': '2022-03-03T19:26:01.303437000Z', 'side': 'buy'}","{'market': 'coinbase-btc-usd-spot', 'time': '2022-03-03T19:26:01.430524000Z', 'coin_metrics_id': '290742994', 'amount': '0.01391564', 'price': '42346.81', 'database_time': '2022-03-03T19:26:01.553681000Z', 'side': 'sell'}","{'market': 'coinbase-btc-usd-spot', 'time': '2022-03-03T19:26:01.430524000Z', 'coin_metrics_id': '290742995', 'amount': '0.00168609', 'price': '42346.8', 'database_time': '2022-03-03T19:26:01.553681000Z', 'side': 'sell'}","{'market': 'coinbase-btc-usd-spot', 'time': '2022-03-03T19:26:01.430524000Z', 'coin_metrics_id': '290742996', 'amount': '0.001', 'price': '42346.8', 'database_time': '2022-03-03T19:26:01.553681000Z', 'side': 'sell'}","{'market': 'coinbase-btc-usd-spot', 'time': '2022-03-03T19:26:01.430524000Z', 'coin_metrics_id': '290742997', 'amount': '0.00168609', 'price': '42346.79', 'database_time': '2022-03-03T19:26:01.553681000Z', 'side': 'sell'}","{'market': 'coinbase-btc-usd-spot', 'time': '2022-03-03T19:26:01.430524000Z', 'coin_metrics_id': '290742998', 'amount': '0.001', 'price': '42346.79', 'database_time': '2022-03-03T19:26:01.553681000Z', 'side': 'sell'}","{'market': 'coinbase-btc-usd-spot', 'time': '2022-03-03T19:26:01.430524000Z', 'coin_metrics_id': '290742999', 'amount': '0.00168609', 'price': '42346.78', 'database_time': '2022-03-03T19:26:01.553681000Z', 'side': 'sell'}","{'market': 'coinbase-btc-usd-spot', 'time': '2022-03-03T19:26:01.430524000Z', 'coin_metrics_id': '290743000', 'amount': '0.001', 'price': '42346.78', 'database_time': '2022-03-03T19:26:01.553681000Z', 'side': 'sell'}","{'market': 'coinbase-btc-usd-spot', 'time': '2022-03-03T19:26:01.430524000Z', 'coin_metrics_id': '290743001', 'amount': '0.0057112', 'price': '42346.78', 'database_time': '2022-03-03T19:26:01.553681000Z', 'side': 'sell'}","{'market': 'coinbase-btc-usd-spot', 'time': '2022-03-03T19:26:01.430524000Z', 'coin_metrics_id': '290743002', 'amount': '0.00134769', 'price': '42346.75', 'database_time': '2022-03-03T19:26:01.553681000Z', 'side': 'sell'}","{'market': 'coinbase-btc-usd-spot', 'time': '2022-03-03T19:26:01.430524000Z', 'coin_metrics_id': '290743003', 'amount': '0.04217121', 'price': '42346.74', 'database_time': '2022-03-03T19:26:01.553681000Z', 'side': 'sell'}","{'market': 'coinbase-btc-usd-spot', 'time': '2022-03-03T19:26:02.154322000Z', 'coin_metrics_id': '290743004', 'amount': '0.00084608', 'price': '42346.92', 'database_time': '2022-03-03T19:26:02.303827000Z', 'side': 'buy'}","{'market': 'coinbase-btc-usd-spot', 'time': '2022-03-03T19:26:02.347644000Z', 'coin_metrics_id': '290743005', 'amount': '0.00215392', 'price': '42346.92', 'database_time': '2022-03-03T19:26:02.453306000Z', 'side': 'buy'}","{'market': 'coinbase-btc-usd-spot', 'time': '2022-03-03T19:26:02.347644000Z', 'coin_metrics_id': '290743006', 'amount': '0.00053359', 'price': '42346.92', 'database_time': '2022-03-03T19:26:02.453306000Z', 'side': 'buy'}","{'market': 'coinbase-btc-usd-spot', 'time': '2022-03-03T19:26:02.661643000Z', 'coin_metrics_id': '290743007', 'amount': '0.001', 'price': '42346.91', 'database_time': '2022-03-03T19:26:02.804748000Z', 'side': 'sell'}","{'market': 'coinbase-btc-usd-spot', 'time': '2022-03-03T19:26:02.661643000Z', 'coin_metrics_id': '290743008', 'amount': '0.01371861', 'price': '42346.91', 'database_time': '2022-03-03T19:26:02.804748000Z', 'side': 'sell'}","{'market': 'coinbase-btc-usd-spot', 'time': '2022-03-03T19:26:02.746011000Z', 'coin_metrics_id': '290743009', 'amount': '0.00170211', 'price': '42346.92', 'database_time': '2022-03-03T19:26:02.804748000Z', 'side': 'buy'}","{'market': 'coinbase-btc-usd-spot', 'time': '2022-03-03T19:26:02.746011000Z', 'coin_metrics_id': '290743010', 'amount': '0.00064706', 'price': '42346.92', 'database_time': '2022-03-03T19:26:02.804748000Z', 'side': 'buy'}","{'market': 'coinbase-btc-usd-spot', 'time': '2022-03-03T19:26:02.973713000Z', 'coin_metrics_id': '290743011', 'amount': '0.00035294', 'price': '42346.92', 'database_time': '2022-03-03T19:26:03.054778000Z', 'side': 'buy'}","{'market': 'coinbase-btc-usd-spot', 'time': '2022-03-03T19:26:02.973713000Z', 'coin_metrics_id': '290743012', 'amount': '0.00102703', 'price': '42346.92', 'database_time': '2022-03-03T19:26:03.054778000Z', 'side': 'buy'}","{'market': 'coinbase-btc-usd-spot', 'time': '2022-03-03T19:26:02.987563000Z', 'coin_metrics_id': '290743013', 'amount': '0.00083796', 'price': '42346.92', 'database_time': '2022-03-03T19:26:03.054778000Z', 'side': 'buy'}","{'market': 'coinbase-btc-usd-spot', 'time': '2022-03-03T19:26:02.987563000Z', 'coin_metrics_id': '290743014', 'amount': '0.00038166', 'price': '42346.92', 'database_time': '2022-03-03T19:26:03.054778000Z', 'side': 'buy'}","{'market': 'coinbase-btc-usd-spot', 'time': '2022-03-03T19:26:03.062408000Z', 'coin_metrics_id': '290743015', 'amount': '0.00125148', 'price': '42346.92', 'database_time': '2022-03-03T19:26:03.203897000Z', 'side': 'buy'}","{'market': 'coinbase-btc-usd-spot', 'time': '2022-03-03T19:26:03.500106000Z', 'coin_metrics_id': '290743016', 'amount': '0.23790074', 'price': '42346.92', 'database_time': '2022-03-03T19:26:03.704227000Z', 'side': 'buy'}"
