market,time,coin_metrics_id,amount,price,database_time,side
coinbase-btc-usd-spot,2022-03-07T15:51:29.922796000Z,292602480,0.00150041,39117.91,2022-03-07T15:51:29.988197000Z,buy
coinbase-btc-usd-spot,2022-03-07T15:51:30.217904000Z,292602481,0.06425268,39109.15,2022-03-07T15:51:30.488275000Z,sell
coinbase-btc-usd-spot,2022-03-07T15:51:30.403567000Z,292602482,0.00126969,39114.39,2022-03-07T15:51:30.488275000Z,buy
coinbase-btc-usd-spot,2022-03-07T15:51:30.427017000Z,292602483,0.000258,39109.15,2022-03-07T15:51:30.488275000Z,sell
coinbase-btc-usd-spot,2022-03-07T15:51:30.803042000Z,292602484,0.00327356,39108.19,2022-03-07T15:51:30.992481000Z,sell
coinbase-btc-usd-spot,2022-03-07T15:51:30.803042000Z,292602485,0.001,39108.18,2022-03-07T15:51:30.992481000Z,sell
coinbase-btc-usd-spot,2022-03-07T15:51:30.918271000Z,292602486,0.01270871,39108.44,2022-03-07T15:51:30.992481000Z,buy
coinbase-btc-usd-spot,2022-03-07T15:51:30.950015000Z,292602487,0.0002,39108.19,2022-03-07T15:51:31.019235000Z,sell
coinbase-btc-usd-spot,2022-03-07T15:51:32.342815000Z,292602488,0.00651711,39108.53,2022-03-07T15:51:32.490039000Z,buy
coinbase-btc-usd-spot,2022-03-07T15:51:32.517029000Z,292602489,0.00121239,39108.53,2022-03-07T15:51:32.740044000Z,buy
coinbase-btc-usd-spot,2022-03-07T15:51:32.815814000Z,292602490,0.00022925,39108.53,2022-03-07T15:51:32.990634000Z,buy
coinbase-btc-usd-spot,2022-03-07T15:51:32.983307000Z,292602491,0.00195737,39107.48,2022-03-07T15:51:33.240599000Z,buy
coinbase-btc-usd-spot,2022-03-07T15:51:34.185476000Z,292602492,0.00865102,39107.41,2022-03-07T15:51:34.270890000Z,buy
coinbase-btc-usd-spot,2022-03-07T15:51:34.185476000Z,292602493,0.00627708,39107.48,2022-03-07T15:51:34.270890000Z,buy
coinbase-btc-usd-spot,2022-03-07T15:51:34.185476000Z,292602494,0.00865007,39108.7,2022-03-07T15:51:34.270890000Z,buy
coinbase-btc-usd-spot,2022-03-07T15:51:34.185476000Z,292602495,0.04725457,39111.37,2022-03-07T15:51:34.270890000Z,buy
coinbase-btc-usd-spot,2022-03-07T15:51:34.185476000Z,292602496,0.02557048,39111.38,2022-03-07T15:51:34.270890000Z,buy
coinbase-btc-usd-spot,2022-03-07T15:51:34.185476000Z,292602497,0.04,39112.98,2022-03-07T15:51:34.270890000Z,buy
coinbase-btc-usd-spot,2022-03-07T15:51:34.185476000Z,292602498,0.00347638,39112.99,2022-03-07T15:51:34.270890000Z,buy
coinbase-btc-usd-spot,2022-03-07T15:51:35.828169000Z,292602499,0.01055616,39109.51,2022-03-07T15:51:35.992240000Z,sell
coinbase-btc-usd-spot,2022-03-07T15:51:35.828169000Z,292602500,0.00229149,39109.51,2022-03-07T15:51:35.992240000Z,sell
coinbase-btc-usd-spot,2022-03-07T15:51:35.828169000Z,292602501,0.01009897,39109.5,2022-03-07T15:51:35.992240000Z,sell
coinbase-btc-usd-spot,2022-03-07T15:51:35.828169000Z,292602502,0.01061049,39109.49,2022-03-07T15:51:35.992240000Z,sell
coinbase-btc-usd-spot,2022-03-07T15:51:35.828169000Z,292602503,0.01405485,39109,2022-03-07T15:51:35.992240000Z,sell
coinbase-btc-usd-spot,2022-03-07T15:51:35.828169000Z,292602504,0.00378897,39108.69,2022-03-07T15:51:35.992240000Z,sell
coinbase-btc-usd-spot,2022-03-07T15:51:35.897821000Z,292602505,0.00160404,39109.61,2022-03-07T15:51:35.992240000Z,sell
coinbase-btc-usd-spot,2022-03-07T15:51:36.050251000Z,292602506,0.0002225,39109.28,2022-03-07T15:51:36.242337000Z,buy
coinbase-btc-usd-spot,2022-03-07T15:51:36.256796000Z,292602507,0.00655246,39107.16,2022-03-07T15:51:36.492334000Z,sell
coinbase-btc-usd-spot,2022-03-07T15:51:36.618790000Z,292602508,0.00254168,39109.28,2022-03-07T15:51:36.743395000Z,buy
coinbase-btc-usd-spot,2022-03-07T15:51:36.657087000Z,292602509,0.01143253,39109.28,2022-03-07T15:51:36.743395000Z,buy
coinbase-btc-usd-spot,2022-03-07T15:51:36.725830000Z,292602510,0.00865757,39110.21,2022-03-07T15:51:36.992918000Z,buy
coinbase-btc-usd-spot,2022-03-07T15:51:37.489252000Z,292602511,0.0010554,39113.84,2022-03-07T15:51:37.743376000Z,buy
coinbase-btc-usd-spot,2022-03-07T15:51:37.611107000Z,292602512,0.001,39113.02,2022-03-07T15:51:37.743376000Z,buy
coinbase-btc-usd-spot,2022-03-07T15:51:37.611107000Z,292602513,0.00020947,39113.57,2022-03-07T15:51:37.743376000Z,buy
coinbase-btc-usd-spot,2022-03-07T15:51:38.576361000Z,292602514,0.001,39110.83,2022-03-07T15:51:38.743711000Z,buy
coinbase-btc-usd-spot,2022-03-07T15:51:38.576361000Z,292602515,0.00458936,39110.84,2022-03-07T15:51:38.743711000Z,buy
coinbase-btc-usd-spot,2022-03-07T15:51:38.576361000Z,292602516,0.001,39110.85,2022-03-07T15:51:38.743711000Z,buy
coinbase-btc-usd-spot,2022-03-07T15:51:38.611448000Z,292602517,0.00142283,39108.61,2022-03-07T15:51:38.743711000Z,sell
coinbase-btc-usd-spot,2022-03-07T15:51:38.611448000Z,292602518,0.00186772,39108.6,2022-03-07T15:51:38.743711000Z,sell
coinbase-btc-usd-spot,2022-03-07T15:51:38.707059000Z,292602519,0.00844766,39110.6,2022-03-07T15:51:38.772558000Z,buy
coinbase-btc-usd-spot,2022-03-07T15:51:38.707059000Z,292602520,0.001,39110.83,2022-03-07T15:51:38.772558000Z,buy
coinbase-btc-usd-spot,2022-03-07T15:51:38.707059000Z,292602521,0.00865584,39110.91,2022-03-07T15:51:38.994034000Z,buy
coinbase-btc-usd-spot,2022-03-07T15:51:38.707059000Z,292602522,0.02557052,39111.19,2022-03-07T15:51:38.994034000Z,buy
coinbase-btc-usd-spot,2022-03-07T15:51:38.753137000Z,292602523,0.001,39110.59,2022-03-07T15:51:38.994034000Z,buy
coinbase-btc-usd-spot,2022-03-07T15:51:38.753137000Z,292602524,0.001,39110.82,2022-03-07T15:51:38.994034000Z,buy
coinbase-btc-usd-spot,2022-03-07T15:51:38.753137000Z,292602525,0.02557052,39111.19,2022-03-07T15:51:38.994034000Z,buy
coinbase-btc-usd-spot,2022-03-07T15:51:39.153918000Z,292602526,0.00642997,39111.86,2022-03-07T15:51:39.243911000Z,buy
coinbase-btc-usd-spot,2022-03-07T15:51:39.258100000Z,292602527,0.02557052,39111.19,2022-03-07T15:51:39.494825000Z,buy
coinbase-btc-usd-spot,2022-03-07T15:51:39.316632000Z,292602528,0.06392385,39114.77,2022-03-07T15:51:39.494825000Z,buy
coinbase-btc-usd-spot,2022-03-07T15:51:39.343061000Z,292602529,0.06392385,39114.77,2022-03-07T15:51:39.494825000Z,buy
coinbase-btc-usd-spot,2022-03-07T15:51:39.343061000Z,292602530,0.05,39116.15,2022-03-07T15:51:39.494825000Z,buy
coinbase-btc-usd-spot,2022-03-07T15:51:39.343061000Z,292602531,0.47908999,39116.16,2022-03-07T15:51:39.494825000Z,buy
coinbase-btc-usd-spot,2022-03-07T15:51:39.343061000Z,292602532,0.06392435,39116.28,2022-03-07T15:51:39.494825000Z,buy
coinbase-btc-usd-spot,2022-03-07T15:51:39.374227000Z,292602533,0.00469804,39116.28,2022-03-07T15:51:39.494825000Z,buy
coinbase-btc-usd-spot,2022-03-07T15:51:39.388312000Z,292602534,0.05922581,39116.28,2022-03-07T15:51:39.494825000Z,buy
coinbase-btc-usd-spot,2022-03-07T15:51:39.438185000Z,292602535,0.09240123,39116.28,2022-03-07T15:51:39.523235000Z,buy
coinbase-btc-usd-spot,2022-03-07T15:51:39.481659000Z,292602536,0.02556,39115.31,2022-03-07T15:51:39.744445000Z,buy
coinbase-btc-usd-spot,2022-03-07T15:51:39.489468000Z,292602537,0.00000878,39115.31,2022-03-07T15:51:39.744445000Z,buy
coinbase-btc-usd-spot,2022-03-07T15:51:39.489468000Z,292602538,0.03544697,39116.28,2022-03-07T15:51:39.744445000Z,buy
coinbase-btc-usd-spot,2022-03-07T15:51:39.489468000Z,292602539,0.06399122,39117.09,2022-03-07T15:51:39.744445000Z,buy
coinbase-btc-usd-spot,2022-03-07T15:51:39.525715000Z,292602540,0.33152219,39118.95,2022-03-07T15:51:39.744445000Z,buy
coinbase-btc-usd-spot,2022-03-07T15:51:39.607395000Z,292602541,1.08253355,39118.95,2022-03-07T15:51:39.744445000Z,buy
coinbase-btc-usd-spot,2022-03-07T15:51:39.786658000Z,292602542,0.00047095,39119.95,2022-03-07T15:51:39.994590000Z,buy
coinbase-btc-usd-spot,2022-03-07T15:51:39.810427000Z,292602543,0.00064448,39120,2022-03-07T15:51:39.994590000Z,buy
coinbase-btc-usd-spot,2022-03-07T15:51:39.810427000Z,292602544,0.00182371,39121.31,2022-03-07T15:51:39.994590000Z,buy
coinbase-btc-usd-spot,2022-03-07T15:51:39.886846000Z,292602545,0.00503333,39121.31,2022-03-07T15:51:39.994590000Z,buy
coinbase-btc-usd-spot,2022-03-07T15:51:40.023800000Z,292602546,0.00249598,39119.31,2022-03-07T15:51:40.244851000Z,sell
coinbase-btc-usd-spot,2022-03-07T15:51:40.023800000Z,292602547,0.022704,39118.45,2022-03-07T15:51:40.244851000Z,sell
coinbase-btc-usd-spot,2022-03-07T15:51:40.023800000Z,292602548,0.02661113,39117.09,2022-03-07T15:51:40.244851000Z,sell
coinbase-btc-usd-spot,2022-03-07T15:51:40.048770000Z,292602549,0.00011109,39119.78,2022-03-07T15:51:40.244851000Z,buy
coinbase-btc-usd-spot,2022-03-07T15:51:40.435800000Z,292602550,0.00174719,39115.55,2022-03-07T15:51:40.523844000Z,sell
coinbase-btc-usd-spot,2022-03-07T15:51:40.435800000Z,292602551,0.0412193,39115.19,2022-03-07T15:51:40.523844000Z,sell
coinbase-btc-usd-spot,2022-03-07T15:51:40.435800000Z,292602552,0.022704,39115.18,2022-03-07T15:51:40.523844000Z,sell
coinbase-btc-usd-spot,2022-03-07T15:51:40.435800000Z,292602553,0.00174719,39113.98,2022-03-07T15:51:40.523844000Z,sell
coinbase-btc-usd-spot,2022-03-07T15:51:40.435800000Z,292602554,0.045338,39113.96,2022-03-07T15:51:40.523844000Z,sell
coinbase-btc-usd-spot,2022-03-07T15:51:40.435800000Z,292602555,0.00561266,39113.69,2022-03-07T15:51:40.523844000Z,sell
coinbase-btc-usd-spot,2022-03-07T15:51:40.435800000Z,292602556,0.02788458,39112.67,2022-03-07T15:51:40.523844000Z,sell
coinbase-btc-usd-spot,2022-03-07T15:51:40.435800000Z,292602557,0.02556317,39111.35,2022-03-07T15:51:40.523844000Z,sell
coinbase-btc-usd-spot,2022-03-07T15:51:40.435800000Z,292602558,0.045344,39110.72,2022-03-07T15:51:40.523844000Z,sell
coinbase-btc-usd-spot,2022-03-07T15:51:40.435800000Z,292602559,0.00419908,39110.63,2022-03-07T15:51:40.523844000Z,sell
coinbase-btc-usd-spot,2022-03-07T15:51:40.435800000Z,292602560,0.000822,39109.22,2022-03-07T15:51:40.523844000Z,sell
coinbase-btc-usd-spot,2022-03-07T15:51:40.435800000Z,292602561,0.00947,39108.94,2022-03-07T15:51:40.523844000Z,sell
coinbase-btc-usd-spot,2022-03-07T15:51:40.435800000Z,292602562,0.00419908,39108.62,2022-03-07T15:51:40.523844000Z,sell
coinbase-btc-usd-spot,2022-03-07T15:51:40.435800000Z,292602563,0.04,39108.53,2022-03-07T15:51:40.523844000Z,sell
coinbase-btc-usd-spot,2022-03-07T15:51:40.435800000Z,292602564,0.56,39108.52,2022-03-07T15:51:40.523844000Z,sell
coinbase-btc-usd-spot,2022-03-07T15:51:40.435800000Z,292602565,0.48236033,39108.51,2022-03-07T15:51:40.523844000Z,sell
coinbase-btc-usd-spot,2022-03-07T15:51:40.435800000Z,292602566,0.1278144,39108.3,2022-03-07T15:51:40.523844000Z,sell
coinbase-btc-usd-spot,2022-03-07T15:51:40.435800000Z,292602567,0.47887442,39108.06,2022-03-07T15:51:40.523844000Z,sell
coinbase-btc-usd-spot,2022-03-07T15:51:40.435800000Z,292602568,0.49124197,39108.01,2022-03-07T15:51:40.523844000Z,sell
coinbase-btc-usd-spot,2022-03-07T15:51:40.435800000Z,292602569,0.47005413,39107.66,2022-03-07T15:51:40.523844000Z,sell
coinbase-btc-usd-spot,2022-03-07T15:51:40.435800000Z,292602570,0.46178635,39106.91,2022-03-07T15:51:40.523844000Z,sell
coinbase-btc-usd-spot,2022-03-07T15:51:40.435800000Z,292602571,0.45091045,39106.81,2022-03-07T15:51:40.745760000Z,sell
coinbase-btc-usd-spot,2022-03-07T15:51:40.435800000Z,292602572,0.46154857,39106.51,2022-03-07T15:51:40.745760000Z,sell
coinbase-btc-usd-spot,2022-03-07T15:51:40.435800000Z,292602573,0.1,39105.86,2022-03-07T15:51:40.745760000Z,sell
coinbase-btc-usd-spot,2022-03-07T15:51:40.435800000Z,292602574,0.36667578,39105.83,2022-03-07T15:51:40.745760000Z,sell
coinbase-btc-usd-spot,2022-03-07T15:51:40.435800000Z,292602575,0.27288335,39105.76,2022-03-07T15:51:40.745760000Z,sell
coinbase-btc-usd-spot,2022-03-07T15:51:40.476090000Z,292602576,0.00174719,39115.56,2022-03-07T15:51:40.745760000Z,sell
coinbase-btc-usd-spot,2022-03-07T15:51:40.476090000Z,292602577,0.02556317,39111.35,2022-03-07T15:51:40.745760000Z,sell
coinbase-btc-usd-spot,2022-03-07T15:51:40.476090000Z,292602578,0.41438405,39111.11,2022-03-07T15:51:40.745760000Z,sell
coinbase-btc-usd-spot,2022-03-07T15:51:40.607728000Z,292602579,0.00367299,39112.22,2022-03-07T15:51:40.745760000Z,sell
coinbase-btc-usd-spot,2022-03-07T15:51:40.692695000Z,292602580,0.0025711,39108.5,2022-03-07T15:51:40.774412000Z,sell
coinbase-btc-usd-spot,2022-03-07T15:51:40.700737000Z,292602581,0.0025711,39107.25,2022-03-07T15:51:40.774412000Z,sell
coinbase-btc-usd-spot,2022-03-07T15:51:40.968106000Z,292602582,0.0412193,39107.42,2022-03-07T15:51:41.247035000Z,buy
coinbase-btc-usd-spot,2022-03-07T15:51:40.968106000Z,292602583,0.001,39107.42,2022-03-07T15:51:41.247035000Z,buy
coinbase-btc-usd-spot,2022-03-07T15:51:40.968106000Z,292602584,0.00182528,39107.42,2022-03-07T15:51:41.247035000Z,buy
coinbase-btc-usd-spot,2022-03-07T15:51:40.968106000Z,292602585,0.05147447,39107.43,2022-03-07T15:51:41.247035000Z,buy
coinbase-btc-usd-spot,2022-03-07T15:51:40.968106000Z,292602586,0.001,39108.18,2022-03-07T15:51:41.247035000Z,buy
coinbase-btc-usd-spot,2022-03-07T15:51:40.968106000Z,292602587,0.05025824,39108.19,2022-03-07T15:51:41.247035000Z,buy
coinbase-btc-usd-spot,2022-03-07T15:51:40.968106000Z,292602588,0.00182528,39108.19,2022-03-07T15:51:41.247035000Z,buy
coinbase-btc-usd-spot,2022-03-07T15:51:40.968106000Z,292602589,0.001,39108.19,2022-03-07T15:51:41.247035000Z,buy
coinbase-btc-usd-spot,2022-03-07T15:51:40.968106000Z,292602590,0.00182528,39109.09,2022-03-07T15:51:41.247035000Z,buy
coinbase-btc-usd-spot,2022-03-07T15:51:40.968106000Z,292602591,0.00370328,39109.1,2022-03-07T15:51:41.247035000Z,buy
coinbase-btc-usd-spot,2022-03-07T15:51:40.968106000Z,292602592,0.01582455,39109.79,2022-03-07T15:51:41.247035000Z,buy
coinbase-btc-usd-spot,2022-03-07T15:51:40.968106000Z,292602593,0.00625777,39110.75,2022-03-07T15:51:41.247035000Z,buy
coinbase-btc-usd-spot,2022-03-07T15:51:40.968106000Z,292602594,0.02533452,39111.05,2022-03-07T15:51:41.247035000Z,buy
coinbase-btc-usd-spot,2022-03-07T15:51:40.968106000Z,292602595,0.02993963,39111.08,2022-03-07T15:51:41.247035000Z,buy
coinbase-btc-usd-spot,2022-03-07T15:51:40.968106000Z,292602596,0.045347,39111.33,2022-03-07T15:51:41.247035000Z,buy
coinbase-btc-usd-spot,2022-03-07T15:51:41.026272000Z,292602597,0.7221654,39112,2022-03-07T15:51:41.247035000Z,sell
coinbase-btc-usd-spot,2022-03-07T15:51:41.393132000Z,292602598,0.00175735,39111.59,2022-03-07T15:51:41.496732000Z,buy
coinbase-btc-usd-spot,2022-03-07T15:51:41.393132000Z,292602599,0.02557432,39112.14,2022-03-07T15:51:41.496732000Z,buy
coinbase-btc-usd-spot,2022-03-07T15:51:41.403631000Z,292602600,0.064,39112.2,2022-03-07T15:51:41.496732000Z,buy
coinbase-btc-usd-spot,2022-03-07T15:51:41.539710000Z,292602601,0.01550934,39115.54,2022-03-07T15:51:41.746728000Z,buy
coinbase-btc-usd-spot,2022-03-07T15:51:41.723148000Z,292602602,0.00217533,39115.54,2022-03-07T15:51:41.998121000Z,buy
coinbase-btc-usd-spot,2022-03-07T15:51:41.887775000Z,292602603,0.00026695,39115.53,2022-03-07T15:51:41.998121000Z,buy
coinbase-btc-usd-spot,2022-03-07T15:51:42.013182000Z,292602604,0.00374033,39115.53,2022-03-07T15:51:42.246922000Z,buy
coinbase-btc-usd-spot,2022-03-07T15:51:42.052073000Z,292602605,0.00256947,39110.97,2022-03-07T15:51:42.246922000Z,sell
coinbase-btc-usd-spot,2022-03-07T15:51:42.566346000Z,292602606,0.00022937,39115.5,2022-03-07T15:51:42.747416000Z,buy
coinbase-btc-usd-spot,2022-03-07T15:51:43.493565000Z,292602607,0.00181747,39110.62,2022-03-07T15:51:43.747779000Z,sell
coinbase-btc-usd-spot,2022-03-07T15:51:43.493565000Z,292602608,0.01934493,39110.61,2022-03-07T15:51:43.747779000Z,sell
coinbase-btc-usd-spot,2022-03-07T15:51:43.493565000Z,292602609,0.00181747,39110.54,2022-03-07T15:51:43.747779000Z,sell
coinbase-btc-usd-spot,2022-03-07T15:51:43.766668000Z,292602610,0.001,39108.68,2022-03-07T15:51:43.998143000Z,sell
coinbase-btc-usd-spot,2022-03-07T15:51:43.766668000Z,292602611,0.001,39108.63,2022-03-07T15:51:43.998143000Z,sell
coinbase-btc-usd-spot,2022-03-07T15:51:43.766668000Z,292602612,0.001834,39108.17,2022-03-07T15:51:43.998143000Z,sell
coinbase-btc-usd-spot,2022-03-07T15:51:43.766668000Z,292602613,0.00399517,39108.17,2022-03-07T15:51:43.998143000Z,sell
coinbase-btc-usd-spot,2022-03-07T15:51:43.910138000Z,292602614,0.00127301,39110.7,2022-03-07T15:51:43.998143000Z,buy
coinbase-btc-usd-spot,2022-03-07T15:51:43.910138000Z,292602615,0.00080667,39110.71,2022-03-07T15:51:43.998143000Z,buy
coinbase-btc-usd-spot,2022-03-07T15:51:44.773226000Z,292602616,0.001,39108.7,2022-03-07T15:51:44.998923000Z,sell
coinbase-btc-usd-spot,2022-03-07T15:51:44.773226000Z,292602617,0.009,39107.29,2022-03-07T15:51:44.998923000Z,sell
coinbase-btc-usd-spot,2022-03-07T15:51:44.777220000Z,292602618,0.00030122,39107.29,2022-03-07T15:51:44.998923000Z,sell
coinbase-btc-usd-spot,2022-03-07T15:51:44.785906000Z,292602619,0.001,39107.3,2022-03-07T15:51:44.998923000Z,sell
coinbase-btc-usd-spot,2022-03-07T15:51:44.785906000Z,292602620,0.00063976,39104.96,2022-03-07T15:51:44.998923000Z,sell
coinbase-btc-usd-spot,2022-03-07T15:51:45.391734000Z,292602621,0.00066178,39105.84,2022-03-07T15:51:45.498983000Z,buy
coinbase-btc-usd-spot,2022-03-07T15:51:45.773136000Z,292602622,0.00033,39105.84,2022-03-07T15:51:45.999325000Z,buy
coinbase-btc-usd-spot,2022-03-07T15:51:45.777318000Z,292602623,0.00000822,39105.84,2022-03-07T15:51:45.999325000Z,buy
coinbase-btc-usd-spot,2022-03-07T15:51:45.777318000Z,292602624,0.00656987,39105.85,2022-03-07T15:51:45.999325000Z,buy
coinbase-btc-usd-spot,2022-03-07T15:51:45.787281000Z,292602625,0.01407512,39105.85,2022-03-07T15:51:45.999325000Z,buy
coinbase-btc-usd-spot,2022-03-07T15:51:45.798072000Z,292602626,0.001,39105.84,2022-03-07T15:51:45.999325000Z,buy
coinbase-btc-usd-spot,2022-03-07T15:51:45.798072000Z,292602627,0.02457,39105.91,2022-03-07T15:51:45.999325000Z,buy
coinbase-btc-usd-spot,2022-03-07T15:51:45.873863000Z,292602628,0.001,39105.83,2022-03-07T15:51:45.999325000Z,buy
coinbase-btc-usd-spot,2022-03-07T15:51:45.873863000Z,292602629,0.001,39105.89,2022-03-07T15:51:45.999325000Z,buy
coinbase-btc-usd-spot,2022-03-07T15:51:45.873863000Z,292602630,0.00044387,39105.9,2022-03-07T15:51:45.999325000Z,buy
coinbase-btc-usd-spot,2022-03-07T15:51:46.259615000Z,292602631,0.01032249,39106,2022-03-07T15:51:46.499471000Z,buy
coinbase-btc-usd-spot,2022-03-07T15:51:46.259615000Z,292602632,0.00865063,39106.01,2022-03-07T15:51:46.499471000Z,buy
coinbase-btc-usd-spot,2022-03-07T15:51:46.540452000Z,292602633,0.00516125,39106,2022-03-07T15:51:46.749910000Z,buy
coinbase-btc-usd-spot,2022-03-07T15:51:46.540452000Z,292602634,0.00235976,39106.41,2022-03-07T15:51:46.749910000Z,buy
coinbase-btc-usd-spot,2022-03-07T15:51:46.730946000Z,292602635,0.00258062,39106.4,2022-03-07T15:51:46.999685000Z,buy
coinbase-btc-usd-spot,2022-03-07T15:51:46.730946000Z,292602636,0.00047767,39106.41,2022-03-07T15:51:46.999685000Z,buy
coinbase-btc-usd-spot,2022-03-07T15:51:46.898089000Z,292602637,0.00760742,39105.4,2022-03-07T15:51:46.999685000Z,sell
coinbase-btc-usd-spot,2022-03-07T15:51:47.105799000Z,292602638,0.0050126,39106.41,2022-03-07T15:51:47.249806000Z,buy
coinbase-btc-usd-spot,2022-03-07T15:51:47.483068000Z,292602639,0.00945214,39106.41,2022-03-07T15:51:47.750083000Z,buy
coinbase-btc-usd-spot,2022-03-07T15:51:47.483068000Z,292602640,0.00129031,39109.51,2022-03-07T15:51:47.750083000Z,buy
coinbase-btc-usd-spot,2022-03-07T15:51:47.483068000Z,292602641,0.00179227,39109.52,2022-03-07T15:51:47.750083000Z,buy
coinbase-btc-usd-spot,2022-03-07T15:51:47.901897000Z,292602642,0.00864017,39104.89,2022-03-07T15:51:48.000352000Z,sell
coinbase-btc-usd-spot,2022-03-07T15:51:48.572698000Z,292602643,0.00129032,39110.59,2022-03-07T15:51:48.750497000Z,buy
coinbase-btc-usd-spot,2022-03-07T15:51:48.572698000Z,292602644,0.00237953,39112.61,2022-03-07T15:51:48.750497000Z,buy
coinbase-btc-usd-spot,2022-03-07T15:51:48.898988000Z,292602645,0.01612137,39105.79,2022-03-07T15:51:49.000510000Z,sell
coinbase-btc-usd-spot,2022-03-07T15:51:48.898988000Z,292602646,0.00082759,39105.2,2022-03-07T15:51:49.000510000Z,sell
coinbase-btc-usd-spot,2022-03-07T15:51:49.610489000Z,292602647,0.00047092,39112.61,2022-03-07T15:51:49.751685000Z,buy
coinbase-btc-usd-spot,2022-03-07T15:51:49.630577000Z,292602648,0.00011109,39107.25,2022-03-07T15:51:49.751685000Z,sell
coinbase-btc-usd-spot,2022-03-07T15:51:49.639151000Z,292602649,0.00162019,39112.61,2022-03-07T15:51:49.751685000Z,buy
coinbase-btc-usd-spot,2022-03-07T15:51:49.639151000Z,292602650,0.00464709,39115.25,2022-03-07T15:51:49.751685000Z,buy
coinbase-btc-usd-spot,2022-03-07T15:51:49.897528000Z,292602651,0.00863884,39107.43,2022-03-07T15:51:50.001834000Z,sell
coinbase-btc-usd-spot,2022-03-07T15:51:50.417685000Z,292602652,0.00146378,39114.13,2022-03-07T15:51:50.502338000Z,buy
coinbase-btc-usd-spot,2022-03-07T15:51:50.417685000Z,292602653,0.00103904,39114.14,2022-03-07T15:51:50.502338000Z,buy
coinbase-btc-usd-spot,2022-03-07T15:51:50.417685000Z,292602654,0.00006597,39114.21,2022-03-07T15:51:50.502338000Z,buy
coinbase-btc-usd-spot,2022-03-07T15:51:50.648374000Z,292602655,0.00003453,39114.07,2022-03-07T15:51:50.752576000Z,buy
coinbase-btc-usd-spot,2022-03-07T15:51:51.517023000Z,292602656,0.00101428,39114.04,2022-03-07T15:51:51.755461000Z,buy
coinbase-btc-usd-spot,2022-03-07T15:51:51.517023000Z,292602657,0.00187486,39114.59,2022-03-07T15:51:51.755461000Z,buy
coinbase-btc-usd-spot,2022-03-07T15:51:51.600017000Z,292602658,0.00101428,39114.58,2022-03-07T15:51:51.755461000Z,buy
coinbase-btc-usd-spot,2022-03-07T15:51:51.600017000Z,292602659,0.00652704,39114.59,2022-03-07T15:51:51.755461000Z,buy
coinbase-btc-usd-spot,2022-03-07T15:51:51.600017000Z,292602660,0.00568057,39114.59,2022-03-07T15:51:51.755461000Z,buy
coinbase-btc-usd-spot,2022-03-07T15:51:51.617682000Z,292602661,0.00558537,39115.25,2022-03-07T15:51:51.755461000Z,buy
coinbase-btc-usd-spot,2022-03-07T15:51:51.649356000Z,292602662,0.04441463,39115.25,2022-03-07T15:51:51.755461000Z,buy
coinbase-btc-usd-spot,2022-03-07T15:51:51.649356000Z,292602663,0.37124873,39115.26,2022-03-07T15:51:51.755461000Z,buy
coinbase-btc-usd-spot,2022-03-07T15:51:51.662153000Z,292602664,0.49894705,39115.31,2022-03-07T15:51:51.755461000Z,buy
coinbase-btc-usd-spot,2022-03-07T15:51:51.723402000Z,292602665,0.23078755,39116.11,2022-03-07T15:51:52.007824000Z,buy
coinbase-btc-usd-spot,2022-03-07T15:51:51.733317000Z,292602666,0.02907812,39116.11,2022-03-07T15:51:52.007824000Z,buy
coinbase-btc-usd-spot,2022-03-07T15:51:51.753732000Z,292602667,0.21808178,39116.11,2022-03-07T15:51:52.007824000Z,buy
coinbase-btc-usd-spot,2022-03-07T15:51:51.753732000Z,292602668,0.22773854,39116.16,2022-03-07T15:51:52.007824000Z,buy
coinbase-btc-usd-spot,2022-03-07T15:51:52.054517000Z,292602669,0.00159429,39115.34,2022-03-07T15:51:52.256745000Z,sell
coinbase-btc-usd-spot,2022-03-07T15:51:52.054517000Z,292602670,0.00863171,39113.4,2022-03-07T15:51:52.256745000Z,sell
coinbase-btc-usd-spot,2022-03-07T15:51:52.266545000Z,292602671,0.00023957,39117,2022-03-07T15:51:52.507063000Z,buy
coinbase-btc-usd-spot,2022-03-07T15:51:52.488508000Z,292602672,0.00076043,39117,2022-03-07T15:51:52.756741000Z,buy
coinbase-btc-usd-spot,2022-03-07T15:51:52.488508000Z,292602673,0.00420234,39118.41,2022-03-07T15:51:52.756741000Z,buy
coinbase-btc-usd-spot,2022-03-07T15:51:52.495932000Z,292602674,0.0051917,39112.74,2022-03-07T15:51:52.756741000Z,sell
coinbase-btc-usd-spot,2022-03-07T15:51:53.007014000Z,292602675,0.00318854,39115.56,2022-03-07T15:51:53.260951000Z,buy
coinbase-btc-usd-spot,2022-03-07T15:51:53.422472000Z,292602676,0.001416,39111.96,2022-03-07T15:51:53.488959000Z,sell
coinbase-btc-usd-spot,2022-03-07T15:51:53.422472000Z,292602677,0.00029489,39111.95,2022-03-07T15:51:53.488959000Z,sell
coinbase-btc-usd-spot,2022-03-07T15:51:53.583894000Z,292602678,0.00008799,39111.28,2022-03-07T15:51:53.761365000Z,sell
coinbase-btc-usd-spot,2022-03-07T15:51:53.623253000Z,292602679,0.04991201,39111.28,2022-03-07T15:51:53.761365000Z,sell
coinbase-btc-usd-spot,2022-03-07T15:51:53.623253000Z,292602680,0.03585991,39110.03,2022-03-07T15:51:53.761365000Z,sell
coinbase-btc-usd-spot,2022-03-07T15:51:53.623253000Z,292602681,0.012919,39109.85,2022-03-07T15:51:53.761365000Z,sell
coinbase-btc-usd-spot,2022-03-07T15:51:53.623253000Z,292602682,0.1,39106.57,2022-03-07T15:51:53.761365000Z,sell
coinbase-btc-usd-spot,2022-03-07T15:51:53.623253000Z,292602683,0.045342,39106.56,2022-03-07T15:51:53.761365000Z,sell
coinbase-btc-usd-spot,2022-03-07T15:51:53.623253000Z,292602684,0.03725286,39104.68,2022-03-07T15:51:53.761365000Z,sell
coinbase-btc-usd-spot,2022-03-07T15:51:53.982628000Z,292602685,0.00122143,39114.05,2022-03-07T15:51:54.261798000Z,buy
coinbase-btc-usd-spot,2022-03-07T15:51:54.028340000Z,292602686,0.00244387,39114.04,2022-03-07T15:51:54.261798000Z,buy
coinbase-btc-usd-spot,2022-03-07T15:51:54.197456000Z,292602687,0.00323532,39107.2,2022-03-07T15:51:54.281443000Z,sell
coinbase-btc-usd-spot,2022-03-07T15:51:54.197456000Z,292602688,0.001,39107.06,2022-03-07T15:51:54.281443000Z,sell
coinbase-btc-usd-spot,2022-03-07T15:51:54.197456000Z,292602689,0.022704,39107.05,2022-03-07T15:51:54.281443000Z,sell
coinbase-btc-usd-spot,2022-03-07T15:51:54.197456000Z,292602690,0.00040088,39106.77,2022-03-07T15:51:54.281443000Z,sell
coinbase-btc-usd-spot,2022-03-07T15:51:54.566329000Z,292602691,0.00152948,39110.68,2022-03-07T15:51:54.762202000Z,buy
coinbase-btc-usd-spot,2022-03-07T15:51:55.462560000Z,292602692,0.00002295,39113.85,2022-03-07T15:51:55.530391000Z,buy
coinbase-btc-usd-spot,2022-03-07T15:51:56.482312000Z,292602693,0.00130192,39111.78,2022-03-07T15:51:56.763569000Z,buy
coinbase-btc-usd-spot,2022-03-07T15:51:56.482312000Z,292602694,0.01745979,39111.79,2022-03-07T15:51:56.763569000Z,buy
coinbase-btc-usd-spot,2022-03-07T15:51:56.482312000Z,292602695,0.00452623,39111.79,2022-03-07T15:51:56.763569000Z,buy
coinbase-btc-usd-spot,2022-03-07T15:51:56.494274000Z,292602696,0.00363836,39111.79,2022-03-07T15:51:56.763569000Z,buy
coinbase-btc-usd-spot,2022-03-07T15:51:56.519275000Z,292602697,0.001,39111.78,2022-03-07T15:51:56.763569000Z,buy
coinbase-btc-usd-spot,2022-03-07T15:51:56.519275000Z,292602698,0.00751071,39111.79,2022-03-07T15:51:56.763569000Z,buy
coinbase-btc-usd-spot,2022-03-07T15:51:56.548881000Z,292602699,0.001,39111.78,2022-03-07T15:51:56.763569000Z,buy
coinbase-btc-usd-spot,2022-03-07T15:51:56.548881000Z,292602700,0.001,39113.76,2022-03-07T15:51:56.763569000Z,buy
coinbase-btc-usd-spot,2022-03-07T15:51:56.548881000Z,292602701,0.00130192,39113.77,2022-03-07T15:51:56.763569000Z,buy
coinbase-btc-usd-spot,2022-03-07T15:51:56.548881000Z,292602702,0.00341939,39113.77,2022-03-07T15:51:56.763569000Z,buy
coinbase-btc-usd-spot,2022-03-07T15:51:56.569510000Z,292602703,0.00370325,39113.8,2022-03-07T15:51:56.763569000Z,buy
coinbase-btc-usd-spot,2022-03-07T15:51:56.682157000Z,292602704,0.001,39113.79,2022-03-07T15:51:56.763569000Z,buy
coinbase-btc-usd-spot,2022-03-07T15:51:56.682157000Z,292602705,0.0049465,39113.8,2022-03-07T15:51:56.763569000Z,buy
coinbase-btc-usd-spot,2022-03-07T15:51:56.682157000Z,292602706,0.00402259,39113.86,2022-03-07T15:51:56.763569000Z,buy
coinbase-btc-usd-spot,2022-03-07T15:51:56.697508000Z,292602707,0.00463092,39113.86,2022-03-07T15:51:56.781687000Z,buy
coinbase-btc-usd-spot,2022-03-07T15:51:56.717765000Z,292602708,0.001,39113.85,2022-03-07T15:51:56.991291000Z,buy
coinbase-btc-usd-spot,2022-03-07T15:51:56.717765000Z,292602709,0.0086127,39115.23,2022-03-07T15:51:56.991291000Z,buy
coinbase-btc-usd-spot,2022-03-07T15:51:57.212878000Z,292602710,0.00865807,39115.32,2022-03-07T15:51:57.281411000Z,buy
coinbase-btc-usd-spot,2022-03-07T15:51:57.331277000Z,292602711,0.00865048,39116.49,2022-03-07T15:51:57.515401000Z,buy
coinbase-btc-usd-spot,2022-03-07T15:51:57.385920000Z,292602712,0.01691,39116.49,2022-03-07T15:51:57.515401000Z,buy
coinbase-btc-usd-spot,2022-03-07T15:51:57.386017000Z,292602713,0.00000688,39116.49,2022-03-07T15:51:57.515401000Z,buy
coinbase-btc-usd-spot,2022-03-07T15:51:57.417332000Z,292602714,0.00865048,39117.04,2022-03-07T15:51:57.515401000Z,buy
coinbase-btc-usd-spot,2022-03-07T15:51:57.819739000Z,292602715,0.15297166,39120,2022-03-07T15:51:58.014409000Z,buy
coinbase-btc-usd-spot,2022-03-07T15:51:57.828774000Z,292602716,0.11255324,39120,2022-03-07T15:51:58.014409000Z,buy
coinbase-btc-usd-spot,2022-03-07T15:51:57.832626000Z,292602717,0.13014021,39120,2022-03-07T15:51:58.014409000Z,buy
coinbase-btc-usd-spot,2022-03-07T15:51:57.852570000Z,292602718,0.30425975,39120,2022-03-07T15:51:58.014409000Z,buy
coinbase-btc-usd-spot,2022-03-07T15:51:58.757151000Z,292602719,0.00864002,39119.74,2022-03-07T15:51:59.014741000Z,buy
coinbase-btc-usd-spot,2022-03-07T15:51:58.757151000Z,292602720,0.01642559,39120,2022-03-07T15:51:59.014741000Z,buy
coinbase-btc-usd-spot,2022-03-07T15:51:58.869325000Z,292602721,0.00297924,39119.66,2022-03-07T15:51:59.014741000Z,sell
coinbase-btc-usd-spot,2022-03-07T15:51:58.869325000Z,292602722,0.00297924,39119.61,2022-03-07T15:51:59.014741000Z,sell
coinbase-btc-usd-spot,2022-03-07T15:51:58.876672000Z,292602723,0.0001,39118.78,2022-03-07T15:51:59.014741000Z,sell
coinbase-btc-usd-spot,2022-03-07T15:51:58.876672000Z,292602724,0.02305196,39117.48,2022-03-07T15:51:59.014741000Z,sell
coinbase-btc-usd-spot,2022-03-07T15:51:58.876672000Z,292602725,0.00566,39117.34,2022-03-07T15:51:59.014741000Z,sell
coinbase-btc-usd-spot,2022-03-07T15:51:59.000603000Z,292602726,0.02305196,39117.05,2022-03-07T15:51:59.264827000Z,sell
coinbase-btc-usd-spot,2022-03-07T15:51:59.176633000Z,292602727,0.00119169,39113.08,2022-03-07T15:51:59.264827000Z,sell
coinbase-btc-usd-spot,2022-03-07T15:51:59.176633000Z,292602728,0.022704,39113.07,2022-03-07T15:51:59.264827000Z,sell
coinbase-btc-usd-spot,2022-03-07T15:51:59.565671000Z,292602729,0.00116582,39116.43,2022-03-07T15:51:59.765332000Z,buy
coinbase-btc-usd-spot,2022-03-07T15:51:59.565671000Z,292602730,0.01140519,39116.46,2022-03-07T15:51:59.765332000Z,buy
coinbase-btc-usd-spot,2022-03-07T15:51:59.565671000Z,292602731,0.02305196,39117.95,2022-03-07T15:51:59.765332000Z,buy
coinbase-btc-usd-spot,2022-03-07T15:51:59.565671000Z,292602732,0.01455131,39119.05,2022-03-07T15:51:59.765332000Z,buy
coinbase-btc-usd-spot,2022-03-07T15:52:00.377227000Z,292602733,0.00118393,39113.58,2022-03-07T15:52:00.515537000Z,sell
coinbase-btc-usd-spot,2022-03-07T15:52:00.377227000Z,292602734,0.0004,39113.58,2022-03-07T15:52:00.515537000Z,sell
coinbase-btc-usd-spot,2022-03-07T15:52:00.377227000Z,292602735,0.01676335,39113.57,2022-03-07T15:52:00.515537000Z,sell
coinbase-btc-usd-spot,2022-03-07T15:52:00.433816000Z,292602736,0.00063842,39115.56,2022-03-07T15:52:00.515537000Z,buy
coinbase-btc-usd-spot,2022-03-07T15:52:00.574025000Z,292602737,0.001,39115.53,2022-03-07T15:52:00.765622000Z,buy
coinbase-btc-usd-spot,2022-03-07T15:52:00.574025000Z,292602738,0.001,39115.54,2022-03-07T15:52:00.765622000Z,buy
coinbase-btc-usd-spot,2022-03-07T15:52:00.574025000Z,292602739,0.001,39115.55,2022-03-07T15:52:00.765622000Z,buy
coinbase-btc-usd-spot,2022-03-07T15:52:00.574025000Z,292602740,0.0083116,39115.57,2022-03-07T15:52:00.765622000Z,buy
coinbase-btc-usd-spot,2022-03-07T15:52:00.574025000Z,292602741,0.00581949,39116.28,2022-03-07T15:52:00.765622000Z,buy
coinbase-btc-usd-spot,2022-03-07T15:52:00.582373000Z,292602742,0.01974677,39116.28,2022-03-07T15:52:00.765622000Z,buy
coinbase-btc-usd-spot,2022-03-07T15:52:00.623360000Z,292602743,0.001,39116.27,2022-03-07T15:52:00.765622000Z,buy
coinbase-btc-usd-spot,2022-03-07T15:52:00.623360000Z,292602744,0.00636557,39116.28,2022-03-07T15:52:00.765622000Z,buy
coinbase-btc-usd-spot,2022-03-07T15:52:00.640428000Z,292602745,0.01920069,39116.28,2022-03-07T15:52:00.765622000Z,buy
coinbase-btc-usd-spot,2022-03-07T15:52:00.779365000Z,292602746,0.001,39118.25,2022-03-07T15:52:01.015898000Z,buy
coinbase-btc-usd-spot,2022-03-07T15:52:01.097345000Z,292602747,0.00538187,39118.79,2022-03-07T15:52:01.266943000Z,buy
coinbase-btc-usd-spot,2022-03-07T15:52:01.105165000Z,292602748,0.00326794,39118.79,2022-03-07T15:52:01.266943000Z,buy
coinbase-btc-usd-spot,2022-03-07T15:52:01.132866000Z,292602749,0.02556375,39119.6,2022-03-07T15:52:01.266943000Z,buy
coinbase-btc-usd-spot,2022-03-07T15:52:01.132866000Z,292602750,0.00630755,39120,2022-03-07T15:52:01.266943000Z,buy
coinbase-btc-usd-spot,2022-03-07T15:52:01.137019000Z,292602751,0.022704,39121.26,2022-03-07T15:52:01.266943000Z,buy
coinbase-btc-usd-spot,2022-03-07T15:52:01.137019000Z,292602752,0.05,39121.29,2022-03-07T15:52:01.266943000Z,buy
coinbase-btc-usd-spot,2022-03-07T15:52:01.137019000Z,292602753,0.1,39121.29,2022-03-07T15:52:01.266943000Z,buy
coinbase-btc-usd-spot,2022-03-07T15:52:01.166377000Z,292602754,0.02556375,39119.6,2022-03-07T15:52:01.266943000Z,buy
coinbase-btc-usd-spot,2022-03-07T15:52:01.166377000Z,292602755,0.22600413,39121.3,2022-03-07T15:52:01.266943000Z,buy
coinbase-btc-usd-spot,2022-03-07T15:52:01.166377000Z,292602756,0.09314296,39121.31,2022-03-07T15:52:01.266943000Z,buy
coinbase-btc-usd-spot,2022-03-07T15:52:01.166377000Z,292602757,0.36433664,39121.51,2022-03-07T15:52:01.266943000Z,buy
coinbase-btc-usd-spot,2022-03-07T15:52:01.207593000Z,292602758,0.10545665,39121.51,2022-03-07T15:52:01.284582000Z,buy
coinbase-btc-usd-spot,2022-03-07T15:52:01.207593000Z,292602759,0.06390937,39121.71,2022-03-07T15:52:01.284582000Z,buy
coinbase-btc-usd-spot,2022-03-07T15:52:01.207593000Z,292602760,0.48906498,39121.86,2022-03-07T15:52:01.284582000Z,buy
coinbase-btc-usd-spot,2022-03-07T15:52:01.223009000Z,292602761,0.03915389,39121.64,2022-03-07T15:52:01.496034000Z,buy
coinbase-btc-usd-spot,2022-03-07T15:52:01.239561000Z,292602762,0.06386193,39121.71,2022-03-07T15:52:01.496034000Z,buy
coinbase-btc-usd-spot,2022-03-07T15:52:01.243835000Z,292602763,0.00004744,39121.71,2022-03-07T15:52:01.496034000Z,buy
coinbase-btc-usd-spot,2022-03-07T15:52:01.271454000Z,292602764,0.038,39123.01,2022-03-07T15:52:01.496034000Z,buy
coinbase-btc-usd-spot,2022-03-07T15:52:01.271454000Z,292602765,0.49481212,39123.01,2022-03-07T15:52:01.496034000Z,buy
coinbase-btc-usd-spot,2022-03-07T15:52:01.271454000Z,292602766,0.12781874,39123.16,2022-03-07T15:52:01.496034000Z,buy
coinbase-btc-usd-spot,2022-03-07T15:52:01.271454000Z,292602767,0.46715401,39124.51,2022-03-07T15:52:01.496034000Z,buy
coinbase-btc-usd-spot,2022-03-07T15:52:01.271454000Z,292602768,0.45117065,39124.66,2022-03-07T15:52:01.496034000Z,buy
coinbase-btc-usd-spot,2022-03-07T15:52:01.271454000Z,292602769,0.46680124,39124.76,2022-03-07T15:52:01.496034000Z,buy
coinbase-btc-usd-spot,2022-03-07T15:52:01.902716000Z,292602770,0.00252028,39134.99,2022-03-07T15:52:01.995752000Z,sell
coinbase-btc-usd-spot,2022-03-07T15:52:01.902716000Z,292602771,0.00525192,39134.99,2022-03-07T15:52:01.995752000Z,sell
coinbase-btc-usd-spot,2022-03-07T15:52:01.972710000Z,292602772,0.00679626,39134.99,2022-03-07T15:52:02.245755000Z,sell
coinbase-btc-usd-spot,2022-03-07T15:52:01.979165000Z,292602773,0.00176419,39134.99,2022-03-07T15:52:02.245755000Z,sell
coinbase-btc-usd-spot,2022-03-07T15:52:01.979165000Z,292602774,0.00583947,39134.99,2022-03-07T15:52:02.245755000Z,sell
coinbase-btc-usd-spot,2022-03-07T15:52:01.997064000Z,292602775,0.00021272,39135,2022-03-07T15:52:02.245755000Z,buy
coinbase-btc-usd-spot,2022-03-07T15:52:02.257768000Z,292602776,0.00123494,39132.23,2022-03-07T15:52:02.520879000Z,sell
coinbase-btc-usd-spot,2022-03-07T15:52:02.257768000Z,292602777,0.0032616,39131.92,2022-03-07T15:52:02.520879000Z,sell
coinbase-btc-usd-spot,2022-03-07T15:52:02.257768000Z,292602778,0.00123494,39131.92,2022-03-07T15:52:02.520879000Z,sell
coinbase-btc-usd-spot,2022-03-07T15:52:02.257768000Z,292602779,0.0001,39131.73,2022-03-07T15:52:02.520879000Z,sell
coinbase-btc-usd-spot,2022-03-07T15:52:02.486145000Z,292602780,0.00679626,39130.89,2022-03-07T15:52:02.746197000Z,sell
coinbase-btc-usd-spot,2022-03-07T15:52:02.486145000Z,292602781,0.001,39130.89,2022-03-07T15:52:02.746197000Z,sell
coinbase-btc-usd-spot,2022-03-07T15:52:02.522018000Z,292602782,0.0028,39130.91,2022-03-07T15:52:02.746197000Z,buy
coinbase-btc-usd-spot,2022-03-07T15:52:02.677163000Z,292602783,0.022704,39126.76,2022-03-07T15:52:02.746197000Z,sell
coinbase-btc-usd-spot,2022-03-07T15:52:02.790943000Z,292602784,0.00403638,39128.49,2022-03-07T15:52:02.997260000Z,buy
coinbase-btc-usd-spot,2022-03-07T15:52:02.806235000Z,292602785,0.022704,39126.23,2022-03-07T15:52:02.997260000Z,sell
coinbase-btc-usd-spot,2022-03-07T15:52:02.806235000Z,292602786,0.02806228,39126.16,2022-03-07T15:52:02.997260000Z,sell
coinbase-btc-usd-spot,2022-03-07T15:52:02.806235000Z,292602787,0.045321,39126.15,2022-03-07T15:52:02.997260000Z,sell
coinbase-btc-usd-spot,2022-03-07T15:52:02.806235000Z,292602788,0.05,39125.5,2022-03-07T15:52:02.997260000Z,sell
coinbase-btc-usd-spot,2022-03-07T15:52:02.806235000Z,292602789,0.10391272,39125.06,2022-03-07T15:52:02.997260000Z,sell
coinbase-btc-usd-spot,2022-03-07T15:52:02.826956000Z,292602790,0.10131928,39125.06,2022-03-07T15:52:02.997260000Z,sell
coinbase-btc-usd-spot,2022-03-07T15:52:03.189968000Z,292602791,0.00012603,39119.04,2022-03-07T15:52:03.272760000Z,sell
coinbase-btc-usd-spot,2022-03-07T15:52:03.585801000Z,292602792,0.00122132,39125.17,2022-03-07T15:52:03.747362000Z,buy
coinbase-btc-usd-spot,2022-03-07T15:52:04.126702000Z,292602793,0.00063614,39124.13,2022-03-07T15:52:04.247199000Z,buy
coinbase-btc-usd-spot,2022-03-07T15:52:04.198047000Z,292602794,0.002612,39121.14,2022-03-07T15:52:04.285399000Z,sell
coinbase-btc-usd-spot,2022-03-07T15:52:04.658517000Z,292602795,0.01522245,39123.02,2022-03-07T15:52:04.748042000Z,sell
coinbase-btc-usd-spot,2022-03-07T15:52:04.658517000Z,292602796,0.02417755,39122.75,2022-03-07T15:52:04.748042000Z,sell
coinbase-btc-usd-spot,2022-03-07T15:52:04.900642000Z,292602797,0.00864818,39124.12,2022-03-07T15:52:05.023205000Z,sell
coinbase-btc-usd-spot,2022-03-07T15:52:04.912214000Z,292602798,0.00116,39124.13,2022-03-07T15:52:05.023205000Z,buy
coinbase-btc-usd-spot,2022-03-07T15:52:04.987394000Z,292602799,0.00000989,39124.13,2022-03-07T15:52:05.248812000Z,buy
coinbase-btc-usd-spot,2022-03-07T15:52:04.987394000Z,292602800,0.00830714,39124.14,2022-03-07T15:52:05.248812000Z,buy
coinbase-btc-usd-spot,2022-03-07T15:52:04.987394000Z,292602801,0.0042163,39125.17,2022-03-07T15:52:05.248812000Z,buy
coinbase-btc-usd-spot,2022-03-07T15:52:05.190603000Z,292602802,0.00126719,39125.16,2022-03-07T15:52:05.274035000Z,buy
coinbase-btc-usd-spot,2022-03-07T15:52:05.190603000Z,292602803,0.00120086,39125.17,2022-03-07T15:52:05.274035000Z,buy
coinbase-btc-usd-spot,2022-03-07T15:52:05.434278000Z,292602804,0.00111594,39122.7,2022-03-07T15:52:05.527701000Z,sell
coinbase-btc-usd-spot,2022-03-07T15:52:05.434278000Z,292602805,0.00111594,39122.69,2022-03-07T15:52:05.527701000Z,sell
coinbase-btc-usd-spot,2022-03-07T15:52:05.434278000Z,292602806,0.00116718,39121.96,2022-03-07T15:52:05.527701000Z,sell
coinbase-btc-usd-spot,2022-03-07T15:52:05.467965000Z,292602807,0.01597,39122.8,2022-03-07T15:52:05.573671000Z,sell
coinbase-btc-usd-spot,2022-03-07T15:52:05.553379000Z,292602808,0.001,39122.82,2022-03-07T15:52:05.749353000Z,sell
coinbase-btc-usd-spot,2022-03-07T15:52:05.553379000Z,292602809,0.001,39122.81,2022-03-07T15:52:05.749353000Z,sell
coinbase-btc-usd-spot,2022-03-07T15:52:05.553379000Z,292602810,0.001,39121.97,2022-03-07T15:52:05.749353000Z,sell
coinbase-btc-usd-spot,2022-03-07T15:52:05.589519000Z,292602811,0.000515,39121.09,2022-03-07T15:52:05.749353000Z,sell
coinbase-btc-usd-spot,2022-03-07T15:52:06.782367000Z,292602812,0.00366931,39119.95,2022-03-07T15:52:06.999499000Z,buy
coinbase-btc-usd-spot,2022-03-07T15:52:06.843031000Z,292602813,0.00122132,39119.95,2022-03-07T15:52:06.999499000Z,buy
coinbase-btc-usd-spot,2022-03-07T15:52:07.243496000Z,292602814,0.00037008,39118.17,2022-03-07T15:52:07.500387000Z,sell
coinbase-btc-usd-spot,2022-03-07T15:52:07.472303000Z,292602815,0.0012094,39119.33,2022-03-07T15:52:07.576602000Z,buy
coinbase-btc-usd-spot,2022-03-07T15:52:07.651833000Z,292602816,0.00047088,39119.33,2022-03-07T15:52:07.750316000Z,buy
coinbase-btc-usd-spot,2022-03-07T15:52:07.803846000Z,292602817,0.00012762,39119.33,2022-03-07T15:52:08.000895000Z,buy
coinbase-btc-usd-spot,2022-03-07T15:52:07.894486000Z,292602818,0.0075008,39118.54,2022-03-07T15:52:08.000895000Z,sell
coinbase-btc-usd-spot,2022-03-07T15:52:07.894486000Z,292602819,0.00007953,39118.48,2022-03-07T15:52:08.000895000Z,sell
coinbase-btc-usd-spot,2022-03-07T15:52:07.894486000Z,292602820,0.0001,39118.46,2022-03-07T15:52:08.000895000Z,sell
coinbase-btc-usd-spot,2022-03-07T15:52:07.956714000Z,292602821,0.0001,39118.35,2022-03-07T15:52:08.038387000Z,buy
coinbase-btc-usd-spot,2022-03-07T15:52:07.956714000Z,292602822,0.00683882,39119.33,2022-03-07T15:52:08.038387000Z,buy
coinbase-btc-usd-spot,2022-03-07T15:52:07.956714000Z,292602823,0.0037642,39119.95,2022-03-07T15:52:08.038387000Z,buy
coinbase-btc-usd-spot,2022-03-07T15:52:07.956714000Z,292602824,0.00309469,39122.59,2022-03-07T15:52:08.038387000Z,buy
coinbase-btc-usd-spot,2022-03-07T15:52:08.044390000Z,292602825,0.0000291,39122.91,2022-03-07T15:52:08.250712000Z,buy
coinbase-btc-usd-spot,2022-03-07T15:52:08.534002000Z,292602826,0.00188938,39122.56,2022-03-07T15:52:08.750783000Z,buy
coinbase-btc-usd-spot,2022-03-07T15:52:09.429173000Z,292602827,0.00056425,39122.56,2022-03-07T15:52:09.501227000Z,buy
coinbase-btc-usd-spot,2022-03-07T15:52:09.429173000Z,292602828,0.01764903,39122.78,2022-03-07T15:52:09.501227000Z,buy
coinbase-btc-usd-spot,2022-03-07T15:52:09.433276000Z,292602829,0.71724084,39125.17,2022-03-07T15:52:09.501227000Z,buy
coinbase-btc-usd-spot,2022-03-07T15:52:09.433276000Z,292602830,0.037,39125.17,2022-03-07T15:52:09.501227000Z,buy
coinbase-btc-usd-spot,2022-03-07T15:52:09.655204000Z,292602831,0.02555,39126.49,2022-03-07T15:52:09.753867000Z,buy
coinbase-btc-usd-spot,2022-03-07T15:52:09.676413000Z,292602832,0.00122065,39131.88,2022-03-07T15:52:09.753867000Z,buy
coinbase-btc-usd-spot,2022-03-07T15:52:09.935087000Z,292602833,0.00865,39130.74,2022-03-07T15:52:10.004150000Z,buy
coinbase-btc-usd-spot,2022-03-07T15:52:09.938678000Z,292602834,0.00000017,39130.74,2022-03-07T15:52:10.004150000Z,buy
coinbase-btc-usd-spot,2022-03-07T15:52:10.042108000Z,292602835,0.00508552,39129.62,2022-03-07T15:52:10.255435000Z,sell
coinbase-btc-usd-spot,2022-03-07T15:52:10.085728000Z,292602836,0.00171,39131.86,2022-03-07T15:52:10.255435000Z,buy
coinbase-btc-usd-spot,2022-03-07T15:52:10.104191000Z,292602837,0.00000754,39131.86,2022-03-07T15:52:10.255435000Z,buy
coinbase-btc-usd-spot,2022-03-07T15:52:10.104191000Z,292602838,0.09876246,39131.88,2022-03-07T15:52:10.255435000Z,buy
coinbase-btc-usd-spot,2022-03-07T15:52:10.112519000Z,292602839,0.00001689,39131.88,2022-03-07T15:52:10.255435000Z,buy
coinbase-btc-usd-spot,2022-03-07T15:52:10.173691000Z,292602840,0.0547,39135,2022-03-07T15:52:10.255435000Z,buy
coinbase-btc-usd-spot,2022-03-07T15:52:10.184175000Z,292602841,0.00008728,39135,2022-03-07T15:52:10.255435000Z,buy
coinbase-btc-usd-spot,2022-03-07T15:52:10.184175000Z,292602842,0.00901272,39135.31,2022-03-07T15:52:10.255435000Z,buy
coinbase-btc-usd-spot,2022-03-07T15:52:10.338633000Z,292602843,0.0000374,39135.31,2022-03-07T15:52:10.504875000Z,buy
coinbase-btc-usd-spot,2022-03-07T15:52:10.399379000Z,292602844,0.00193296,39133.14,2022-03-07T15:52:10.504875000Z,sell
coinbase-btc-usd-spot,2022-03-07T15:52:10.399379000Z,292602845,0.0001,39133.12,2022-03-07T15:52:10.504875000Z,sell
coinbase-btc-usd-spot,2022-03-07T15:52:10.459832000Z,292602846,0.00135308,39133.36,2022-03-07T15:52:10.539442000Z,sell
coinbase-btc-usd-spot,2022-03-07T15:52:10.459832000Z,292602847,0.00135308,39133.15,2022-03-07T15:52:10.539442000Z,sell
coinbase-btc-usd-spot,2022-03-07T15:52:10.459832000Z,292602848,0.00135308,39133.13,2022-03-07T15:52:10.539442000Z,sell
coinbase-btc-usd-spot,2022-03-07T15:52:10.459832000Z,292602849,0.01012443,39129.06,2022-03-07T15:52:10.539442000Z,sell
coinbase-btc-usd-spot,2022-03-07T15:52:11.186677000Z,292602850,0.00047088,39132.34,2022-03-07T15:52:11.255118000Z,buy
coinbase-btc-usd-spot,2022-03-07T15:52:11.271164000Z,292602851,0.00073139,39132.34,2022-03-07T15:52:11.505555000Z,buy
coinbase-btc-usd-spot,2022-03-07T15:52:11.271164000Z,292602852,0.00615645,39133.39,2022-03-07T15:52:11.505555000Z,buy
coinbase-btc-usd-spot,2022-03-07T15:52:11.271164000Z,292602853,0.00778638,39133.76,2022-03-07T15:52:11.505555000Z,buy
coinbase-btc-usd-spot,2022-03-07T15:52:11.371726000Z,292602854,0.00106101,39133.75,2022-03-07T15:52:11.505555000Z,buy
coinbase-btc-usd-spot,2022-03-07T15:52:11.371726000Z,292602855,0.01776751,39133.76,2022-03-07T15:52:11.505555000Z,buy
coinbase-btc-usd-spot,2022-03-07T15:52:11.371726000Z,292602856,0.0062121,39133.86,2022-03-07T15:52:11.505555000Z,buy
coinbase-btc-usd-spot,2022-03-07T15:52:11.595086000Z,292602857,0.000992,39134.14,2022-03-07T15:52:11.755647000Z,buy
coinbase-btc-usd-spot,2022-03-07T15:52:11.780470000Z,292602858,0.000008,39134.14,2022-03-07T15:52:12.005983000Z,buy
coinbase-btc-usd-spot,2022-03-07T15:52:11.780470000Z,292602859,0.00094941,39134.15,2022-03-07T15:52:12.005983000Z,buy
coinbase-btc-usd-spot,2022-03-07T15:52:11.896310000Z,292602860,0.00177671,39134.03,2022-03-07T15:52:12.005983000Z,sell
coinbase-btc-usd-spot,2022-03-07T15:52:11.896310000Z,292602861,0.00687359,39134.01,2022-03-07T15:52:12.005983000Z,sell
coinbase-btc-usd-spot,2022-03-07T15:52:12.399543000Z,292602862,0.0012437,39134.05,2022-03-07T15:52:12.505869000Z,sell
coinbase-btc-usd-spot,2022-03-07T15:52:12.399543000Z,292602863,0.0052776,39134.01,2022-03-07T15:52:12.505869000Z,sell
coinbase-btc-usd-spot,2022-03-07T15:52:12.399543000Z,292602864,0.97495938,39134,2022-03-07T15:52:12.505869000Z,sell
coinbase-btc-usd-spot,2022-03-07T15:52:12.420055000Z,292602865,0.045322,39127.16,2022-03-07T15:52:12.505869000Z,sell
coinbase-btc-usd-spot,2022-03-07T15:52:12.539338000Z,292602866,0.001,39134.02,2022-03-07T15:52:12.756651000Z,sell
coinbase-btc-usd-spot,2022-03-07T15:52:12.539338000Z,292602867,0.001,39128.83,2022-03-07T15:52:12.756651000Z,sell
coinbase-btc-usd-spot,2022-03-07T15:52:12.539338000Z,292602868,0.001,39127.84,2022-03-07T15:52:12.756651000Z,sell
coinbase-btc-usd-spot,2022-03-07T15:52:12.649263000Z,292602869,0.00016774,39131.44,2022-03-07T15:52:12.756651000Z,buy
coinbase-btc-usd-spot,2022-03-07T15:52:12.649263000Z,292602870,0.00061335,39131.78,2022-03-07T15:52:12.756651000Z,buy
coinbase-btc-usd-spot,2022-03-07T15:52:13.617764000Z,292602871,0.02673685,39128.84,2022-03-07T15:52:13.758041000Z,sell
coinbase-btc-usd-spot,2022-03-07T15:52:13.617764000Z,292602872,0.01657381,39128.83,2022-03-07T15:52:13.758041000Z,sell
coinbase-btc-usd-spot,2022-03-07T15:52:13.617764000Z,292602873,0.00460865,39127.95,2022-03-07T15:52:13.758041000Z,sell
coinbase-btc-usd-spot,2022-03-07T15:52:13.617764000Z,292602874,0.01402332,39127.93,2022-03-07T15:52:13.758041000Z,sell
coinbase-btc-usd-spot,2022-03-07T15:52:13.617764000Z,292602875,0.0009,39127.43,2022-03-07T15:52:13.758041000Z,sell
coinbase-btc-usd-spot,2022-03-07T15:52:13.617764000Z,292602876,0.01541385,39126.8,2022-03-07T15:52:13.758041000Z,sell
coinbase-btc-usd-spot,2022-03-07T15:52:13.617764000Z,292602877,0.00932926,39126.64,2022-03-07T15:52:13.758041000Z,sell
coinbase-btc-usd-spot,2022-03-07T15:52:13.617764000Z,292602878,0.022704,39126.31,2022-03-07T15:52:13.758041000Z,sell
coinbase-btc-usd-spot,2022-03-07T15:52:13.617764000Z,292602879,0.0125411,39126.09,2022-03-07T15:52:13.758041000Z,sell
coinbase-btc-usd-spot,2022-03-07T15:52:13.617764000Z,292602880,0.56,39125.09,2022-03-07T15:52:13.758041000Z,sell
coinbase-btc-usd-spot,2022-03-07T15:52:13.617764000Z,292602881,0.05,39125.08,2022-03-07T15:52:13.758041000Z,sell
coinbase-btc-usd-spot,2022-03-07T15:52:13.617764000Z,292602882,0.508,39125.07,2022-03-07T15:52:13.758041000Z,sell
coinbase-btc-usd-spot,2022-03-07T15:52:13.617764000Z,292602883,0.01788047,39124.83,2022-03-07T15:52:13.758041000Z,sell
coinbase-btc-usd-spot,2022-03-07T15:52:15.802353000Z,292602884,0.022704,39129.95,2022-03-07T15:52:16.009307000Z,buy
coinbase-btc-usd-spot,2022-03-07T15:52:15.802353000Z,292602885,0.02614075,39130.54,2022-03-07T15:52:16.009307000Z,buy
coinbase-btc-usd-spot,2022-03-07T15:52:15.802353000Z,292602886,0.2548452,39130.61,2022-03-07T15:52:16.009307000Z,buy
coinbase-btc-usd-spot,2022-03-07T15:52:16.526058000Z,292602887,0.00012744,39127.67,2022-03-07T15:52:16.759054000Z,buy
coinbase-btc-usd-spot,2022-03-07T15:52:17.034920000Z,292602888,0.00308212,39125.56,2022-03-07T15:52:17.260614000Z,sell
coinbase-btc-usd-spot,2022-03-07T15:52:17.142910000Z,292602889,0.0107237,39125.65,2022-03-07T15:52:17.260614000Z,sell
coinbase-btc-usd-spot,2022-03-07T15:52:17.142910000Z,292602890,0.00124202,39125.56,2022-03-07T15:52:17.260614000Z,sell
coinbase-btc-usd-spot,2022-03-07T15:52:18.033959000Z,292602891,0.00343013,39126.14,2022-03-07T15:52:18.261881000Z,sell
coinbase-btc-usd-spot,2022-03-07T15:52:18.144028000Z,292602892,0.00041991,39129.52,2022-03-07T15:52:18.261881000Z,buy
coinbase-btc-usd-spot,2022-03-07T15:52:19.726701000Z,292602893,0.00118704,39130.13,2022-03-07T15:52:19.792661000Z,buy
coinbase-btc-usd-spot,2022-03-07T15:52:19.762997000Z,292602894,0.001,39126.2,2022-03-07T15:52:20.012951000Z,sell
coinbase-btc-usd-spot,2022-03-07T15:52:19.762997000Z,292602895,0.0002,39126.13,2022-03-07T15:52:20.012951000Z,sell
coinbase-btc-usd-spot,2022-03-07T15:52:19.762997000Z,292602896,0.00594586,39125.56,2022-03-07T15:52:20.012951000Z,sell
coinbase-btc-usd-spot,2022-03-07T15:52:19.762997000Z,292602897,0.00508027,39125.35,2022-03-07T15:52:20.012951000Z,sell
coinbase-btc-usd-spot,2022-03-07T15:52:21.238876000Z,292602898,0.022704,39133.07,2022-03-07T15:52:21.358446000Z,buy
coinbase-btc-usd-spot,2022-03-07T15:52:21.238876000Z,292602899,0.00202941,39133.11,2022-03-07T15:52:21.358446000Z,buy
coinbase-btc-usd-spot,2022-03-07T15:52:21.238876000Z,292602900,0.00202941,39133.2,2022-03-07T15:52:21.358446000Z,buy
coinbase-btc-usd-spot,2022-03-07T15:52:21.238876000Z,292602901,0.01271777,39133.89,2022-03-07T15:52:21.358446000Z,buy
coinbase-btc-usd-spot,2022-03-07T15:52:21.238876000Z,292602902,0.02555248,39134.22,2022-03-07T15:52:21.358446000Z,buy
coinbase-btc-usd-spot,2022-03-07T15:52:21.238876000Z,292602903,0.00819758,39134.94,2022-03-07T15:52:21.358446000Z,buy
coinbase-btc-usd-spot,2022-03-07T15:52:21.238876000Z,292602904,0.05,39135.3,2022-03-07T15:52:21.358446000Z,buy
coinbase-btc-usd-spot,2022-03-07T15:52:21.238876000Z,292602905,0.37676935,39135.31,2022-03-07T15:52:21.358446000Z,buy
coinbase-btc-usd-spot,2022-03-07T15:52:22.362129000Z,292602906,0.001,39134.21,2022-03-07T15:52:22.516155000Z,buy
coinbase-btc-usd-spot,2022-03-07T15:52:22.362129000Z,292602907,0.0003228,39134.22,2022-03-07T15:52:22.516155000Z,buy
coinbase-btc-usd-spot,2022-03-07T15:52:22.876311000Z,292602908,0.00011096,39134.21,2022-03-07T15:52:23.016712000Z,buy
coinbase-btc-usd-spot,2022-03-07T15:52:22.936148000Z,292602909,0.022704,39134.2,2022-03-07T15:52:23.016712000Z,buy
coinbase-btc-usd-spot,2022-03-07T15:52:22.936148000Z,292602910,0.00088904,39134.21,2022-03-07T15:52:23.016712000Z,buy
coinbase-btc-usd-spot,2022-03-07T15:52:22.936148000Z,292602911,0.00146117,39134.22,2022-03-07T15:52:23.016712000Z,buy
coinbase-btc-usd-spot,2022-03-07T15:52:23.035965000Z,292602912,0.00049621,39134.18,2022-03-07T15:52:23.266846000Z,buy
coinbase-btc-usd-spot,2022-03-07T15:52:24.074205000Z,292602913,0.00609505,39134.01,2022-03-07T15:52:24.267387000Z,buy
coinbase-btc-usd-spot,2022-03-07T15:52:24.074205000Z,292602914,0.00865212,39134.22,2022-03-07T15:52:24.267387000Z,buy
coinbase-btc-usd-spot,2022-03-07T15:52:24.147807000Z,292602915,0.02257356,39134,2022-03-07T15:52:24.267387000Z,buy
coinbase-btc-usd-spot,2022-03-07T15:52:24.508316000Z,292602916,0.00297901,39134,2022-03-07T15:52:24.615698000Z,buy
coinbase-btc-usd-spot,2022-03-07T15:52:24.508316000Z,292602917,0.0020316,39135.3,2022-03-07T15:52:24.615698000Z,buy
coinbase-btc-usd-spot,2022-03-07T15:52:24.986356000Z,292602918,0.00046628,39134,2022-03-07T15:52:25.116532000Z,buy
coinbase-btc-usd-spot,2022-03-07T15:52:25.286264000Z,292602919,0.0479684,39135.3,2022-03-07T15:52:25.450381000Z,buy
coinbase-btc-usd-spot,2022-03-07T15:52:25.286264000Z,292602920,0.07157147,39135.31,2022-03-07T15:52:25.450381000Z,buy
coinbase-btc-usd-spot,2022-03-07T15:52:25.315296000Z,292602921,0.10634,39135.31,2022-03-07T15:52:25.518449000Z,buy
coinbase-btc-usd-spot,2022-03-07T15:52:25.324000000Z,292602922,0.00000318,39135.31,2022-03-07T15:52:25.518449000Z,buy
coinbase-btc-usd-spot,2022-03-07T15:52:26.629733000Z,292602923,0.01278038,39140,2022-03-07T15:52:26.769526000Z,buy
coinbase-btc-usd-spot,2022-03-07T15:52:26.782648000Z,292602924,0.0774492,39140,2022-03-07T15:52:27.019245000Z,buy
coinbase-btc-usd-spot,2022-03-07T15:52:26.811671000Z,292602925,0.00032713,39139.99,2022-03-07T15:52:27.019245000Z,buy
coinbase-btc-usd-spot,2022-03-07T15:52:26.811671000Z,292602926,0.19863812,39140,2022-03-07T15:52:27.019245000Z,buy
coinbase-btc-usd-spot,2022-03-07T15:52:26.825567000Z,292602927,0.21080517,39140,2022-03-07T15:52:27.019245000Z,buy
coinbase-btc-usd-spot,2022-03-07T15:52:26.833513000Z,292602928,0.00032713,39140,2022-03-07T15:52:27.019245000Z,buy
coinbase-btc-usd-spot,2022-03-07T15:52:27.169578000Z,292602929,0.00006689,39145.67,2022-03-07T15:52:27.269056000Z,buy
coinbase-btc-usd-spot,2022-03-07T15:52:27.169578000Z,292602930,0.0007644,39146.76,2022-03-07T15:52:27.269056000Z,buy
coinbase-btc-usd-spot,2022-03-07T15:52:27.267765000Z,292602931,0.0992356,39146.76,2022-03-07T15:52:27.519018000Z,buy
coinbase-btc-usd-spot,2022-03-07T15:52:27.665182000Z,292602932,0.0019371,39146.65,2022-03-07T15:52:27.770160000Z,sell
coinbase-btc-usd-spot,2022-03-07T15:52:27.665182000Z,292602933,0.001,39146.65,2022-03-07T15:52:27.770160000Z,sell
coinbase-btc-usd-spot,2022-03-07T15:52:27.665182000Z,292602934,0.03247577,39146.65,2022-03-07T15:52:27.770160000Z,sell
coinbase-btc-usd-spot,2022-03-07T15:52:27.665182000Z,292602935,0.001,39146.62,2022-03-07T15:52:27.770160000Z,sell
coinbase-btc-usd-spot,2022-03-07T15:52:27.665182000Z,292602936,0.0019371,39146.62,2022-03-07T15:52:27.770160000Z,sell
coinbase-btc-usd-spot,2022-03-07T15:52:27.665182000Z,292602937,0.02044085,39146.57,2022-03-07T15:52:27.770160000Z,sell
coinbase-btc-usd-spot,2022-03-07T15:52:27.665182000Z,292602938,0.05358944,39145.89,2022-03-07T15:52:27.770160000Z,sell
coinbase-btc-usd-spot,2022-03-07T15:52:27.665182000Z,292602939,0.072726,39145.89,2022-03-07T15:52:27.770160000Z,sell
coinbase-btc-usd-spot,2022-03-07T15:52:27.665182000Z,292602940,0.020163,39145.89,2022-03-07T15:52:27.770160000Z,sell
coinbase-btc-usd-spot,2022-03-07T15:52:27.665182000Z,292602941,0.02553896,39144.92,2022-03-07T15:52:27.770160000Z,sell
coinbase-btc-usd-spot,2022-03-07T15:52:27.665182000Z,292602942,0.0060756,39143.92,2022-03-07T15:52:27.770160000Z,sell
coinbase-btc-usd-spot,2022-03-07T15:52:27.665182000Z,292602943,0.16,39143.92,2022-03-07T15:52:27.770160000Z,sell
coinbase-btc-usd-spot,2022-03-07T15:52:27.665182000Z,292602944,0.385,39142.8,2022-03-07T15:52:27.770160000Z,sell
coinbase-btc-usd-spot,2022-03-07T15:52:27.665182000Z,292602945,0.04,39141.98,2022-03-07T15:52:27.770160000Z,sell
coinbase-btc-usd-spot,2022-03-07T15:52:27.665182000Z,292602946,0.06385048,39140.97,2022-03-07T15:52:27.770160000Z,sell
coinbase-btc-usd-spot,2022-03-07T15:52:27.665182000Z,292602947,0.05,39139.81,2022-03-07T15:52:27.770160000Z,sell
coinbase-btc-usd-spot,2022-03-07T15:52:27.665182000Z,292602948,0.064,39139.61,2022-03-07T15:52:27.770160000Z,sell
coinbase-btc-usd-spot,2022-03-07T15:52:27.665182000Z,292602949,0.02627219,39139.54,2022-03-07T15:52:27.770160000Z,sell
coinbase-btc-usd-spot,2022-03-07T15:52:28.249030000Z,292602950,0.00022921,39145.87,2022-03-07T15:52:28.374600000Z,buy
coinbase-btc-usd-spot,2022-03-07T15:52:28.429704000Z,292602951,0.00122516,39145.47,2022-03-07T15:52:28.519725000Z,buy
coinbase-btc-usd-spot,2022-03-07T15:52:28.429704000Z,292602952,0.00122516,39145.63,2022-03-07T15:52:28.519725000Z,buy
coinbase-btc-usd-spot,2022-03-07T15:52:28.429704000Z,292602953,0.00098283,39147.09,2022-03-07T15:52:28.519725000Z,buy
coinbase-btc-usd-spot,2022-03-07T15:52:28.772571000Z,292602954,0.00015056,39141.77,2022-03-07T15:52:29.020729000Z,sell
coinbase-btc-usd-spot,2022-03-07T15:52:28.890345000Z,292602955,0.001,39145.21,2022-03-07T15:52:29.020729000Z,buy
coinbase-btc-usd-spot,2022-03-07T15:52:28.890345000Z,292602956,0.01157569,39145.21,2022-03-07T15:52:29.020729000Z,buy
coinbase-btc-usd-spot,2022-03-07T15:52:28.890345000Z,292602957,0.0240406,39145.22,2022-03-07T15:52:29.020729000Z,buy
coinbase-btc-usd-spot,2022-03-07T15:52:28.890345000Z,292602958,0.02166603,39146.33,2022-03-07T15:52:29.020729000Z,buy
coinbase-btc-usd-spot,2022-03-07T15:52:29.172390000Z,292602959,0.00135937,39141.77,2022-03-07T15:52:29.270635000Z,sell
coinbase-btc-usd-spot,2022-03-07T15:52:29.172390000Z,292602960,0.03,39141.76,2022-03-07T15:52:29.270635000Z,sell
coinbase-btc-usd-spot,2022-03-07T15:52:29.272881000Z,292602961,0.00135695,39139.4,2022-03-07T15:52:29.486308000Z,sell
coinbase-btc-usd-spot,2022-03-07T15:52:29.272881000Z,292602962,0.00135695,39139.01,2022-03-07T15:52:29.486308000Z,sell
coinbase-btc-usd-spot,2022-03-07T15:52:29.272881000Z,292602963,0.1,39139.01,2022-03-07T15:52:29.486308000Z,sell
coinbase-btc-usd-spot,2022-03-07T15:52:29.272881000Z,292602964,0.00135695,39138.96,2022-03-07T15:52:29.486308000Z,sell
coinbase-btc-usd-spot,2022-03-07T15:52:29.289158000Z,292602965,0.1,39138.9,2022-03-07T15:52:29.486308000Z,sell
coinbase-btc-usd-spot,2022-03-07T15:52:29.660040000Z,292602966,0.0273,39138.89,2022-03-07T15:52:29.771257000Z,sell
coinbase-btc-usd-spot,2022-03-07T15:52:29.816178000Z,292602967,0.064,39134.85,2022-03-07T15:52:30.021071000Z,sell
coinbase-btc-usd-spot,2022-03-07T15:52:29.819974000Z,292602968,0.2459845,39134.4,2022-03-07T15:52:30.021071000Z,sell
coinbase-btc-usd-spot,2022-03-07T15:52:29.883602000Z,292602969,0.00167787,39136.36,2022-03-07T15:52:30.021071000Z,buy
coinbase-btc-usd-spot,2022-03-07T15:52:31.333923000Z,292602970,0.006,39134.39,2022-03-07T15:52:31.522499000Z,sell
coinbase-btc-usd-spot,2022-03-07T15:52:31.333923000Z,292602971,0.03616253,39130.53,2022-03-07T15:52:31.522499000Z,sell
coinbase-btc-usd-spot,2022-03-07T15:52:31.333923000Z,292602972,0.04,39130.52,2022-03-07T15:52:31.522499000Z,sell
coinbase-btc-usd-spot,2022-03-07T15:52:31.333923000Z,292602973,0.0103134,39130.51,2022-03-07T15:52:31.522499000Z,sell
coinbase-btc-usd-spot,2022-03-07T15:52:31.750088000Z,292602974,0.00864174,39131.74,2022-03-07T15:52:31.880053000Z,sell
coinbase-btc-usd-spot,2022-03-07T15:52:31.760128000Z,292602975,0.00135826,39131.74,2022-03-07T15:52:31.880053000Z,sell
coinbase-btc-usd-spot,2022-03-07T15:52:32.666651000Z,292602976,0.0018643,39130.52,2022-03-07T15:52:32.772885000Z,buy
coinbase-btc-usd-spot,2022-03-07T15:52:32.666651000Z,292602977,0.0027597,39130.52,2022-03-07T15:52:32.772885000Z,buy
coinbase-btc-usd-spot,2022-03-07T15:52:33.296092000Z,292602978,0.00660595,39130.51,2022-03-07T15:52:33.525017000Z,sell
coinbase-btc-usd-spot,2022-03-07T15:52:33.300219000Z,292602979,0.00339405,39130.51,2022-03-07T15:52:33.525017000Z,sell
coinbase-btc-usd-spot,2022-03-07T15:52:33.300219000Z,292602980,0.0014,39130.5,2022-03-07T15:52:33.525017000Z,sell
coinbase-btc-usd-spot,2022-03-07T15:52:33.304278000Z,292602981,0.00882564,39128.47,2022-03-07T15:52:33.525017000Z,sell
coinbase-btc-usd-spot,2022-03-07T15:52:33.304278000Z,292602982,0.019,39128.46,2022-03-07T15:52:33.525017000Z,sell
coinbase-btc-usd-spot,2022-03-07T15:52:33.304278000Z,292602983,0.09520595,39128.45,2022-03-07T15:52:33.525017000Z,sell
coinbase-btc-usd-spot,2022-03-07T15:52:33.308523000Z,292602984,0.00479405,39128.45,2022-03-07T15:52:33.525017000Z,sell
coinbase-btc-usd-spot,2022-03-07T15:52:33.308523000Z,292602985,0.16332569,39128,2022-03-07T15:52:33.525017000Z,sell
coinbase-btc-usd-spot,2022-03-07T15:52:33.328647000Z,292602986,0.00441282,39128.47,2022-03-07T15:52:33.525017000Z,sell
coinbase-btc-usd-spot,2022-03-07T15:52:33.328647000Z,292602987,0.12782564,39128,2022-03-07T15:52:33.525017000Z,sell
coinbase-btc-usd-spot,2022-03-07T15:52:33.328647000Z,292602988,0.38210572,39126.06,2022-03-07T15:52:33.525017000Z,sell
coinbase-btc-usd-spot,2022-03-07T15:52:33.328647000Z,292602989,0.38253817,39126.06,2022-03-07T15:52:33.525017000Z,sell
coinbase-btc-usd-spot,2022-03-07T15:52:33.328647000Z,292602990,0.57354518,39126.06,2022-03-07T15:52:33.525017000Z,sell
coinbase-btc-usd-spot,2022-03-07T15:52:33.540620000Z,292602991,0.3836,39123.01,2022-03-07T15:52:33.777629000Z,sell
coinbase-btc-usd-spot,2022-03-07T15:52:33.618119000Z,292602992,0.00021118,39123.35,2022-03-07T15:52:33.777629000Z,buy
coinbase-btc-usd-spot,2022-03-07T15:52:33.823011000Z,292602993,0.00193679,39123.24,2022-03-07T15:52:34.026280000Z,buy
coinbase-btc-usd-spot,2022-03-07T15:52:33.823011000Z,292602994,0.00193679,39123.25,2022-03-07T15:52:34.026280000Z,buy
coinbase-btc-usd-spot,2022-03-07T15:52:33.889364000Z,292602995,0.022704,39125.72,2022-03-07T15:52:34.026280000Z,buy
coinbase-btc-usd-spot,2022-03-07T15:52:33.889364000Z,292602996,0.29707382,39126.97,2022-03-07T15:52:34.026280000Z,buy
coinbase-btc-usd-spot,2022-03-07T15:52:36.056666000Z,292602997,0.00450706,39125.27,2022-03-07T15:52:36.276450000Z,sell
coinbase-btc-usd-spot,2022-03-07T15:52:36.056666000Z,292602998,0.00068166,39124.69,2022-03-07T15:52:36.276450000Z,sell
coinbase-btc-usd-spot,2022-03-07T15:52:36.479010000Z,292602999,0.00059782,39127.04,2022-03-07T15:52:36.555057000Z,buy
coinbase-btc-usd-spot,2022-03-07T15:52:37.331256000Z,292603000,0.064,39129.79,2022-03-07T15:52:37.527481000Z,buy
coinbase-btc-usd-spot,2022-03-07T15:52:37.331256000Z,292603001,0.05,39130.25,2022-03-07T15:52:37.527481000Z,buy
coinbase-btc-usd-spot,2022-03-07T15:52:37.331256000Z,292603002,0.045324,39130.26,2022-03-07T15:52:37.527481000Z,buy
coinbase-btc-usd-spot,2022-03-07T15:52:38.218043000Z,292603003,0.001,39132.26,2022-03-07T15:52:38.305725000Z,buy
coinbase-btc-usd-spot,2022-03-07T15:52:38.218043000Z,292603004,0.064,39132.26,2022-03-07T15:52:38.305725000Z,buy
coinbase-btc-usd-spot,2022-03-07T15:52:38.830916000Z,292603005,0.00130501,39134.85,2022-03-07T15:52:39.028420000Z,buy
coinbase-btc-usd-spot,2022-03-07T15:52:38.830916000Z,292603006,0.00130501,39134.86,2022-03-07T15:52:39.028420000Z,buy
coinbase-btc-usd-spot,2022-03-07T15:52:38.830916000Z,292603007,0.00130501,39134.87,2022-03-07T15:52:39.028420000Z,buy
coinbase-btc-usd-spot,2022-03-07T15:52:38.830916000Z,292603008,0.03331655,39134.9,2022-03-07T15:52:39.028420000Z,buy
coinbase-btc-usd-spot,2022-03-07T15:52:39.107797000Z,292603009,0.00175438,39137.59,2022-03-07T15:52:39.278012000Z,buy
coinbase-btc-usd-spot,2022-03-07T15:52:39.665349000Z,292603010,0.001,39137.43,2022-03-07T15:52:39.778357000Z,buy
coinbase-btc-usd-spot,2022-03-07T15:52:39.665349000Z,292603011,0.00350063,39137.59,2022-03-07T15:52:39.778357000Z,buy
coinbase-btc-usd-spot,2022-03-07T15:52:40.295961000Z,292603012,0.001,39137.55,2022-03-07T15:52:40.399000000Z,buy
coinbase-btc-usd-spot,2022-03-07T15:52:40.295961000Z,292603013,0.00001594,39137.56,2022-03-07T15:52:40.399000000Z,buy
coinbase-btc-usd-spot,2022-03-07T15:52:40.431437000Z,292603014,0.00744486,39137.42,2022-03-07T15:52:40.529123000Z,buy
coinbase-btc-usd-spot,2022-03-07T15:52:40.431437000Z,292603015,0.001,39137.45,2022-03-07T15:52:40.529123000Z,buy
coinbase-btc-usd-spot,2022-03-07T15:52:40.431437000Z,292603016,0.001,39137.47,2022-03-07T15:52:40.529123000Z,buy
coinbase-btc-usd-spot,2022-03-07T15:52:40.431437000Z,292603017,0.00758589,39137.48,2022-03-07T15:52:40.529123000Z,buy
coinbase-btc-usd-spot,2022-03-07T15:52:40.431437000Z,292603018,0.03255409,39137.54,2022-03-07T15:52:40.529123000Z,buy
coinbase-btc-usd-spot,2022-03-07T15:52:40.431437000Z,292603019,0.02118638,39137.55,2022-03-07T15:52:40.529123000Z,buy
coinbase-btc-usd-spot,2022-03-07T15:52:40.924311000Z,292603020,0.0083025,39137.06,2022-03-07T15:52:41.029535000Z,buy
coinbase-btc-usd-spot,2022-03-07T15:52:40.998014000Z,292603021,0.0322711,39138.66,2022-03-07T15:52:41.059164000Z,buy
coinbase-btc-usd-spot,2022-03-07T15:52:42.079528000Z,292603022,0.00095335,39144.19,2022-03-07T15:52:42.280117000Z,sell
coinbase-btc-usd-spot,2022-03-07T15:52:42.316512000Z,292603023,0.00051639,39145.79,2022-03-07T15:52:42.530278000Z,buy
coinbase-btc-usd-spot,2022-03-07T15:52:42.819371000Z,292603024,0.0002291,39145.79,2022-03-07T15:52:43.030555000Z,buy
coinbase-btc-usd-spot,2022-03-07T15:52:43.245848000Z,292603025,0.00083104,39143.57,2022-03-07T15:52:43.311568000Z,buy
coinbase-btc-usd-spot,2022-03-07T15:52:43.582215000Z,292603026,0.00025547,39143.57,2022-03-07T15:52:43.780938000Z,buy
coinbase-btc-usd-spot,2022-03-07T15:52:44.025064000Z,292603027,0.00004456,39142.19,2022-03-07T15:52:44.157222000Z,buy
coinbase-btc-usd-spot,2022-03-07T15:52:44.427002000Z,292603028,0.00062319,39141.81,2022-03-07T15:52:44.532104000Z,buy
coinbase-btc-usd-spot,2022-03-07T15:52:44.686741000Z,292603029,0.0001014,39142.19,2022-03-07T15:52:44.781941000Z,buy
coinbase-btc-usd-spot,2022-03-07T15:52:44.905532000Z,292603030,0.0003,39141.8,2022-03-07T15:52:45.032342000Z,sell
coinbase-btc-usd-spot,2022-03-07T15:52:44.948150000Z,292603031,0.00181319,39142.16,2022-03-07T15:52:45.032342000Z,buy
coinbase-btc-usd-spot,2022-03-07T15:52:45.061556000Z,292603032,0.00010197,39142.19,2022-03-07T15:52:45.156898000Z,buy
coinbase-btc-usd-spot,2022-03-07T15:52:46.057928000Z,292603033,0.00158349,39137.38,2022-03-07T15:52:46.158406000Z,sell
coinbase-btc-usd-spot,2022-03-07T15:52:46.499791000Z,292603034,0.00932227,39136.16,2022-03-07T15:52:46.563356000Z,sell
coinbase-btc-usd-spot,2022-03-07T15:52:46.499791000Z,292603035,0.17250679,39133.8,2022-03-07T15:52:46.563356000Z,sell
coinbase-btc-usd-spot,2022-03-07T15:52:46.579039000Z,292603036,0.00110844,39133.82,2022-03-07T15:52:46.783845000Z,sell
coinbase-btc-usd-spot,2022-03-07T15:52:46.579039000Z,292603037,0.05,39133.81,2022-03-07T15:52:46.783845000Z,sell
coinbase-btc-usd-spot,2022-03-07T15:52:46.579039000Z,292603038,0.1175361,39133.8,2022-03-07T15:52:46.783845000Z,sell
coinbase-btc-usd-spot,2022-03-07T15:52:46.898057000Z,292603039,0.00110844,39133.8,2022-03-07T15:52:47.032810000Z,sell
coinbase-btc-usd-spot,2022-03-07T15:52:47.901142000Z,292603040,0.001,39134.33,2022-03-07T15:52:48.034072000Z,sell
coinbase-btc-usd-spot,2022-03-07T15:52:47.901142000Z,292603041,0.00659191,39133.76,2022-03-07T15:52:48.034072000Z,sell
coinbase-btc-usd-spot,2022-03-07T15:52:47.901142000Z,292603042,0.001,39133.76,2022-03-07T15:52:48.034072000Z,sell
coinbase-btc-usd-spot,2022-03-07T15:52:47.901142000Z,292603043,0.001,39132.14,2022-03-07T15:52:48.034072000Z,sell
coinbase-btc-usd-spot,2022-03-07T15:52:47.901142000Z,292603044,0.00651955,39130.1,2022-03-07T15:52:48.034072000Z,sell
coinbase-btc-usd-spot,2022-03-07T15:52:48.265497000Z,292603045,0.00761162,39138.57,2022-03-07T15:52:48.412759000Z,buy
coinbase-btc-usd-spot,2022-03-07T15:52:48.265497000Z,292603046,0.00632366,39138.91,2022-03-07T15:52:48.412759000Z,buy
coinbase-btc-usd-spot,2022-03-07T15:52:48.284709000Z,292603047,0.00684684,39138.19,2022-03-07T15:52:48.412759000Z,buy
coinbase-btc-usd-spot,2022-03-07T15:52:48.435103000Z,292603048,0.00010198,39138.06,2022-03-07T15:52:48.534328000Z,buy
coinbase-btc-usd-spot,2022-03-07T15:52:48.894194000Z,292603049,0.01183899,39132.82,2022-03-07T15:52:49.034521000Z,sell
coinbase-btc-usd-spot,2022-03-07T15:52:48.894194000Z,292603050,0.00437795,39132.31,2022-03-07T15:52:49.034521000Z,sell
coinbase-btc-usd-spot,2022-03-07T15:52:49.354410000Z,292603051,0.00212409,39135.98,2022-03-07T15:52:49.535822000Z,buy
coinbase-btc-usd-spot,2022-03-07T15:52:49.354410000Z,292603052,0.01687972,39135.99,2022-03-07T15:52:49.535822000Z,buy
coinbase-btc-usd-spot,2022-03-07T15:52:49.354410000Z,292603053,0.00968659,39136.03,2022-03-07T15:52:49.535822000Z,buy
coinbase-btc-usd-spot,2022-03-07T15:52:49.354410000Z,292603054,0.00212409,39136.03,2022-03-07T15:52:49.535822000Z,buy
coinbase-btc-usd-spot,2022-03-07T15:52:49.354410000Z,292603055,0.00676362,39136.05,2022-03-07T15:52:49.535822000Z,buy
coinbase-btc-usd-spot,2022-03-07T15:52:49.523255000Z,292603056,0.00366649,39136.47,2022-03-07T15:52:49.667524000Z,buy
coinbase-btc-usd-spot,2022-03-07T15:52:49.900028000Z,292603057,0.00115037,39132.7,2022-03-07T15:52:50.036032000Z,sell
coinbase-btc-usd-spot,2022-03-07T15:52:49.900028000Z,292603058,0.01335119,39129.57,2022-03-07T15:52:50.036032000Z,sell
coinbase-btc-usd-spot,2022-03-07T15:52:50.963810000Z,292603059,0.001,39137.1,2022-03-07T15:52:51.036536000Z,sell
coinbase-btc-usd-spot,2022-03-07T15:52:50.963810000Z,292603060,0.01820866,39137.08,2022-03-07T15:52:51.036536000Z,sell
coinbase-btc-usd-spot,2022-03-07T15:52:50.963810000Z,292603061,0.01019123,39137.07,2022-03-07T15:52:51.036536000Z,sell
coinbase-btc-usd-spot,2022-03-07T15:52:50.963810000Z,292603062,0.02938669,39135.56,2022-03-07T15:52:51.036536000Z,sell
coinbase-btc-usd-spot,2022-03-07T15:52:50.963810000Z,292603063,0.03443802,39135.55,2022-03-07T15:52:51.036536000Z,sell
coinbase-btc-usd-spot,2022-03-07T15:52:51.154174000Z,292603064,0.00109816,39135.55,2022-03-07T15:52:51.286551000Z,sell
coinbase-btc-usd-spot,2022-03-07T15:52:51.907550000Z,292603065,0.001,39136.14,2022-03-07T15:52:52.037074000Z,sell
coinbase-btc-usd-spot,2022-03-07T15:52:51.907550000Z,292603066,0.01465652,39135.55,2022-03-07T15:52:52.037074000Z,sell
coinbase-btc-usd-spot,2022-03-07T15:52:52.126093000Z,292603067,0.001,39131.7,2022-03-07T15:52:52.287578000Z,sell
coinbase-btc-usd-spot,2022-03-07T15:52:52.126093000Z,292603068,0.01765817,39130.87,2022-03-07T15:52:52.287578000Z,sell
coinbase-btc-usd-spot,2022-03-07T15:52:52.126093000Z,292603069,0.001,39130.51,2022-03-07T15:52:52.287578000Z,sell
coinbase-btc-usd-spot,2022-03-07T15:52:52.126093000Z,292603070,0.29115133,39130.5,2022-03-07T15:52:52.287578000Z,sell
coinbase-btc-usd-spot,2022-03-07T15:52:52.603903000Z,292603071,0.00023905,39129.28,2022-03-07T15:52:52.787255000Z,buy
coinbase-btc-usd-spot,2022-03-07T15:52:52.926663000Z,292603072,0.00244268,39128.53,2022-03-07T15:52:53.037715000Z,buy
coinbase-btc-usd-spot,2022-03-07T15:52:53.716136000Z,292603073,0.00581516,39127.4,2022-03-07T15:52:53.788590000Z,buy
coinbase-btc-usd-spot,2022-03-07T15:52:53.716136000Z,292603074,0.00232303,39127.43,2022-03-07T15:52:53.788590000Z,buy
coinbase-btc-usd-spot,2022-03-07T15:52:53.716136000Z,292603075,0.00232303,39127.49,2022-03-07T15:52:53.788590000Z,buy
coinbase-btc-usd-spot,2022-03-07T15:52:53.716136000Z,292603076,0.02848011,39129.26,2022-03-07T15:52:53.788590000Z,buy
coinbase-btc-usd-spot,2022-03-07T15:52:53.716136000Z,292603077,0.01219921,39129.27,2022-03-07T15:52:53.788590000Z,buy
coinbase-btc-usd-spot,2022-03-07T15:52:54.700947000Z,292603078,0.00070528,39128.51,2022-03-07T15:52:54.789432000Z,buy
coinbase-btc-usd-spot,2022-03-07T15:52:54.888525000Z,292603079,0.00244537,39128.38,2022-03-07T15:52:55.039068000Z,buy
coinbase-btc-usd-spot,2022-03-07T15:52:55.794997000Z,292603080,0.00246643,39128.35,2022-03-07T15:52:55.928638000Z,buy
coinbase-btc-usd-spot,2022-03-07T15:52:58.043850000Z,292603081,0.001,39128.02,2022-03-07T15:52:58.180763000Z,buy
coinbase-btc-usd-spot,2022-03-07T15:52:58.043850000Z,292603082,0.02405055,39128.05,2022-03-07T15:52:58.180763000Z,buy
coinbase-btc-usd-spot,2022-03-07T15:52:58.215614000Z,292603083,0.000026,39127.61,2022-03-07T15:52:58.291130000Z,sell
coinbase-btc-usd-spot,2022-03-07T15:52:58.461979000Z,292603084,0.001,39128.04,2022-03-07T15:52:58.541319000Z,buy
coinbase-btc-usd-spot,2022-03-07T15:52:58.461979000Z,292603085,0.09154945,39128.05,2022-03-07T15:52:58.541319000Z,buy
coinbase-btc-usd-spot,2022-03-07T15:52:58.461979000Z,292603086,0.00865121,39128.07,2022-03-07T15:52:58.541319000Z,buy
coinbase-btc-usd-spot,2022-03-07T15:52:58.491991000Z,292603087,0.001,39128.04,2022-03-07T15:52:58.567014000Z,buy
coinbase-btc-usd-spot,2022-03-07T15:52:58.491991000Z,292603088,0.00013305,39128.22,2022-03-07T15:52:58.567014000Z,buy
coinbase-btc-usd-spot,2022-03-07T15:52:58.549450000Z,292603089,0.000256,39127.82,2022-03-07T15:52:58.681933000Z,sell
coinbase-btc-usd-spot,2022-03-07T15:52:58.746006000Z,292603090,0.00083929,39128.22,2022-03-07T15:52:58.825703000Z,buy
coinbase-btc-usd-spot,2022-03-07T15:52:58.812314000Z,292603091,0.00768,39128.22,2022-03-07T15:52:58.936247000Z,buy
coinbase-btc-usd-spot,2022-03-07T15:52:58.825500000Z,292603092,0.00000129,39128.22,2022-03-07T15:52:58.936247000Z,buy
coinbase-btc-usd-spot,2022-03-07T15:52:58.825500000Z,292603093,0.00208871,39128.51,2022-03-07T15:52:58.936247000Z,buy
coinbase-btc-usd-spot,2022-03-07T15:52:58.850231000Z,292603094,0.00000601,39128.51,2022-03-07T15:52:59.041316000Z,buy
coinbase-btc-usd-spot,2022-03-07T15:52:58.850231000Z,292603095,0.00864399,39128.94,2022-03-07T15:52:59.041316000Z,buy
coinbase-btc-usd-spot,2022-03-07T15:52:58.904147000Z,292603096,0.00000726,39128.94,2022-03-07T15:52:59.041316000Z,buy
coinbase-btc-usd-spot,2022-03-07T15:52:59.134214000Z,292603097,0.01729494,39131.1,2022-03-07T15:52:59.291863000Z,buy
coinbase-btc-usd-spot,2022-03-07T15:52:59.157173000Z,292603098,0.0086583,39132.22,2022-03-07T15:52:59.291863000Z,buy
coinbase-btc-usd-spot,2022-03-07T15:53:00.030154000Z,292603099,0.02554923,39133.89,2022-03-07T15:53:00.188396000Z,sell
coinbase-btc-usd-spot,2022-03-07T15:53:00.064165000Z,292603100,0.00189399,39133.9,2022-03-07T15:53:00.188396000Z,sell
coinbase-btc-usd-spot,2022-03-07T15:53:00.064165000Z,292603101,0.02365524,39133.89,2022-03-07T15:53:00.188396000Z,sell
coinbase-btc-usd-spot,2022-03-07T15:53:00.071472000Z,292603102,0.00189399,39133.89,2022-03-07T15:53:00.188396000Z,sell
coinbase-btc-usd-spot,2022-03-07T15:53:00.527223000Z,292603103,0.00050799,39135.56,2022-03-07T15:53:00.685985000Z,buy
coinbase-btc-usd-spot,2022-03-07T15:53:01.058961000Z,292603104,0.0173045,39137.01,2022-03-07T15:53:01.188383000Z,buy
coinbase-btc-usd-spot,2022-03-07T15:53:01.058961000Z,292603105,0.0001,39137.86,2022-03-07T15:53:01.188383000Z,buy
coinbase-btc-usd-spot,2022-03-07T15:53:01.058961000Z,292603106,0.05,39137.93,2022-03-07T15:53:01.188383000Z,buy
coinbase-btc-usd-spot,2022-03-07T15:53:01.058961000Z,292603107,0.04,39137.94,2022-03-07T15:53:01.188383000Z,buy
coinbase-btc-usd-spot,2022-03-07T15:53:01.058961000Z,292603108,0.04532,39138.77,2022-03-07T15:53:01.188383000Z,buy
coinbase-btc-usd-spot,2022-03-07T15:53:01.058961000Z,292603109,0.02593674,39140.21,2022-03-07T15:53:01.188383000Z,buy
coinbase-btc-usd-spot,2022-03-07T15:53:01.058961000Z,292603110,0.07632882,39140.22,2022-03-07T15:53:01.188383000Z,buy
coinbase-btc-usd-spot,2022-03-07T15:53:01.469892000Z,292603111,0.00022925,39141.43,2022-03-07T15:53:01.543383000Z,buy
coinbase-btc-usd-spot,2022-03-07T15:53:01.633837000Z,292603112,0.00902861,39140.58,2022-03-07T15:53:01.793101000Z,buy
coinbase-btc-usd-spot,2022-03-07T15:53:01.633837000Z,292603113,0.01921828,39141.43,2022-03-07T15:53:01.793101000Z,buy
coinbase-btc-usd-spot,2022-03-07T15:53:02.003343000Z,292603114,0.00071207,39140.08,2022-03-07T15:53:02.078550000Z,buy
coinbase-btc-usd-spot,2022-03-07T15:53:02.215435000Z,292603115,0.00132579,39138.78,2022-03-07T15:53:02.293783000Z,sell
coinbase-btc-usd-spot,2022-03-07T15:53:02.234960000Z,292603116,0.00290463,39137.92,2022-03-07T15:53:02.319143000Z,sell
coinbase-btc-usd-spot,2022-03-07T15:53:02.234960000Z,292603117,0.01520394,39137.91,2022-03-07T15:53:02.319143000Z,sell
coinbase-btc-usd-spot,2022-03-07T15:53:02.254897000Z,292603118,0.00132579,39137.92,2022-03-07T15:53:02.328603000Z,sell
coinbase-btc-usd-spot,2022-03-07T15:53:02.254897000Z,292603119,0.00203324,39137.92,2022-03-07T15:53:02.328603000Z,sell
coinbase-btc-usd-spot,2022-03-07T15:53:02.254897000Z,292603120,0.01520394,39136.56,2022-03-07T15:53:02.328603000Z,sell
coinbase-btc-usd-spot,2022-03-07T15:53:02.420221000Z,292603121,0.001,39136.6,2022-03-07T15:53:02.569784000Z,sell
coinbase-btc-usd-spot,2022-03-07T15:53:02.420221000Z,292603122,0.001,39136.59,2022-03-07T15:53:02.569784000Z,sell
coinbase-btc-usd-spot,2022-03-07T15:53:02.420221000Z,292603123,0.00142327,39134.99,2022-03-07T15:53:02.569784000Z,sell
coinbase-btc-usd-spot,2022-03-07T15:53:02.420221000Z,292603124,0.001,39134.99,2022-03-07T15:53:02.569784000Z,sell
coinbase-btc-usd-spot,2022-03-07T15:53:02.420221000Z,292603125,0.02399937,39134.98,2022-03-07T15:53:02.569784000Z,sell
coinbase-btc-usd-spot,2022-03-07T15:53:02.435423000Z,292603126,0.02554853,39134.84,2022-03-07T15:53:02.569784000Z,sell
coinbase-btc-usd-spot,2022-03-07T15:53:02.435423000Z,292603127,0.02664679,39134.01,2022-03-07T15:53:02.569784000Z,sell
coinbase-btc-usd-spot,2022-03-07T15:53:02.435423000Z,292603128,0.46867916,39134,2022-03-07T15:53:02.569784000Z,sell
coinbase-btc-usd-spot,2022-03-07T15:53:02.539438000Z,292603129,0.001,39134.01,2022-03-07T15:53:02.695417000Z,sell
coinbase-btc-usd-spot,2022-03-07T15:53:02.539438000Z,292603130,0.46226038,39134,2022-03-07T15:53:02.695417000Z,sell
coinbase-btc-usd-spot,2022-03-07T15:53:02.546883000Z,292603131,0.06906046,39134,2022-03-07T15:53:02.695417000Z,sell
coinbase-btc-usd-spot,2022-03-07T15:53:02.585722000Z,292603132,0.001,39131.43,2022-03-07T15:53:02.695417000Z,sell
coinbase-btc-usd-spot,2022-03-07T15:53:02.585722000Z,292603133,0.12774263,39131.28,2022-03-07T15:53:02.695417000Z,sell
coinbase-btc-usd-spot,2022-03-07T15:53:03.262458000Z,292603134,0.02505055,39127.05,2022-03-07T15:53:03.329419000Z,buy
coinbase-btc-usd-spot,2022-03-07T15:53:03.443300000Z,292603135,0.00635133,39127.04,2022-03-07T15:53:03.544393000Z,sell
coinbase-btc-usd-spot,2022-03-07T15:53:03.443300000Z,292603136,0.00310973,39124.68,2022-03-07T15:53:03.544393000Z,sell
coinbase-btc-usd-spot,2022-03-07T15:53:03.715485000Z,292603137,0.0001459,39127.01,2022-03-07T15:53:03.794431000Z,buy
coinbase-btc-usd-spot,2022-03-07T15:53:03.749883000Z,292603138,0.000256,39124.85,2022-03-07T15:53:03.820312000Z,sell
coinbase-btc-usd-spot,2022-03-07T15:53:03.769835000Z,292603139,0.00145781,39127.01,2022-03-07T15:53:03.964516000Z,buy
coinbase-btc-usd-spot,2022-03-07T15:53:03.769835000Z,292603140,0.00236968,39127.01,2022-03-07T15:53:03.964516000Z,buy
coinbase-btc-usd-spot,2022-03-07T15:53:03.769835000Z,292603141,0.00888349,39127.21,2022-03-07T15:53:03.964516000Z,buy
coinbase-btc-usd-spot,2022-03-07T15:53:04.056993000Z,292603142,0.00005081,39126.11,2022-03-07T15:53:04.214256000Z,buy
coinbase-btc-usd-spot,2022-03-07T15:53:04.077129000Z,292603143,0.00015203,39126.11,2022-03-07T15:53:04.214256000Z,buy
coinbase-btc-usd-spot,2022-03-07T15:53:05.756855000Z,292603144,0.00077,39125.02,2022-03-07T15:53:05.831043000Z,buy
coinbase-btc-usd-spot,2022-03-07T15:53:05.903315000Z,292603145,0.00453027,39124.68,2022-03-07T15:53:06.046053000Z,sell
coinbase-btc-usd-spot,2022-03-07T15:53:05.924384000Z,292603146,0.00106174,39124.21,2022-03-07T15:53:06.046053000Z,buy
coinbase-btc-usd-spot,2022-03-07T15:53:05.924384000Z,292603147,0.00142778,39124.21,2022-03-07T15:53:06.046053000Z,buy
coinbase-btc-usd-spot,2022-03-07T15:53:05.924384000Z,292603148,0.00412634,39124.22,2022-03-07T15:53:06.046053000Z,buy
coinbase-btc-usd-spot,2022-03-07T15:53:05.924384000Z,292603149,0.02914979,39125.01,2022-03-07T15:53:06.046053000Z,buy
coinbase-btc-usd-spot,2022-03-07T15:53:05.924384000Z,292603150,0.01683669,39125.02,2022-03-07T15:53:06.046053000Z,buy
coinbase-btc-usd-spot,2022-03-07T15:53:05.993161000Z,292603151,0.001,39124.99,2022-03-07T15:53:06.081367000Z,buy
coinbase-btc-usd-spot,2022-03-07T15:53:05.993161000Z,292603152,0.00106174,39125,2022-03-07T15:53:06.081367000Z,buy
coinbase-btc-usd-spot,2022-03-07T15:53:05.993161000Z,292603153,0.00106174,39125.01,2022-03-07T15:53:06.081367000Z,buy
coinbase-btc-usd-spot,2022-03-07T15:53:05.993161000Z,292603154,0.011999,39125.37,2022-03-07T15:53:06.081367000Z,buy
coinbase-btc-usd-spot,2022-03-07T15:53:05.993161000Z,292603155,0.00077124,39125.46,2022-03-07T15:53:06.081367000Z,buy
coinbase-btc-usd-spot,2022-03-07T15:53:06.119430000Z,292603156,0.000017,39125,2022-03-07T15:53:06.216990000Z,buy
coinbase-btc-usd-spot,2022-03-07T15:53:06.119430000Z,292603157,0.001,39125.44,2022-03-07T15:53:06.216990000Z,buy
coinbase-btc-usd-spot,2022-03-07T15:53:06.119430000Z,292603158,0.00787936,39125.46,2022-03-07T15:53:06.216990000Z,buy
coinbase-btc-usd-spot,2022-03-07T15:53:06.119430000Z,292603159,0.00829378,39126.12,2022-03-07T15:53:06.216990000Z,buy
coinbase-btc-usd-spot,2022-03-07T15:53:06.119430000Z,292603160,0.022704,39128.06,2022-03-07T15:53:06.216990000Z,buy
coinbase-btc-usd-spot,2022-03-07T15:53:06.119430000Z,292603161,0.01641457,39128.3,2022-03-07T15:53:06.216990000Z,buy
coinbase-btc-usd-spot,2022-03-07T15:53:06.119430000Z,292603162,0.045328,39128.42,2022-03-07T15:53:06.216990000Z,buy
coinbase-btc-usd-spot,2022-03-07T15:53:06.119430000Z,292603163,0.0486543,39130.19,2022-03-07T15:53:06.216990000Z,buy
coinbase-btc-usd-spot,2022-03-07T15:53:06.151136000Z,292603164,0.00300691,39127.58,2022-03-07T15:53:06.296693000Z,buy
coinbase-btc-usd-spot,2022-03-07T15:53:06.159426000Z,292603165,0.0024,39124.85,2022-03-07T15:53:06.296693000Z,sell
coinbase-btc-usd-spot,2022-03-07T15:53:06.159426000Z,292603166,0.02914979,39122.79,2022-03-07T15:53:06.296693000Z,sell
coinbase-btc-usd-spot,2022-03-07T15:53:06.159426000Z,292603167,0.00585021,39122.78,2022-03-07T15:53:06.296693000Z,sell
coinbase-btc-usd-spot,2022-03-07T15:53:06.360493000Z,292603168,0.00025405,39127.46,2022-03-07T15:53:06.466542000Z,buy
coinbase-btc-usd-spot,2022-03-07T15:53:07.098830000Z,292603169,0.00009867,39122.42,2022-03-07T15:53:07.216997000Z,buy
coinbase-btc-usd-spot,2022-03-07T15:53:07.215094000Z,292603170,0.00090133,39122.42,2022-03-07T15:53:07.296654000Z,buy
coinbase-btc-usd-spot,2022-03-07T15:53:07.215094000Z,292603171,0.00536053,39122.43,2022-03-07T15:53:07.296654000Z,buy
coinbase-btc-usd-spot,2022-03-07T15:53:07.505713000Z,292603172,0.0013,39120.73,2022-03-07T15:53:07.572489000Z,sell
coinbase-btc-usd-spot,2022-03-07T15:53:07.509657000Z,292603173,0.00000056,39120.73,2022-03-07T15:53:07.582324000Z,sell
coinbase-btc-usd-spot,2022-03-07T15:53:07.510117000Z,292603174,0.09926881,39120.66,2022-03-07T15:53:07.582324000Z,sell
coinbase-btc-usd-spot,2022-03-07T15:53:07.514479000Z,292603175,0.00073119,39120.66,2022-03-07T15:53:07.582324000Z,sell
coinbase-btc-usd-spot,2022-03-07T15:53:07.514479000Z,292603176,0.18911958,39118.6,2022-03-07T15:53:07.582324000Z,sell
coinbase-btc-usd-spot,2022-03-07T15:53:07.595215000Z,292603177,0.10203175,39118.6,2022-03-07T15:53:07.718403000Z,sell
coinbase-btc-usd-spot,2022-03-07T15:53:07.674493000Z,292603178,0.01271098,39119.94,2022-03-07T15:53:07.822659000Z,buy
coinbase-btc-usd-spot,2022-03-07T15:53:07.759053000Z,292603179,0.00108961,39118.6,2022-03-07T15:53:07.833160000Z,buy
coinbase-btc-usd-spot,2022-03-07T15:53:07.759053000Z,292603180,0.00108961,39119.93,2022-03-07T15:53:07.833160000Z,buy
coinbase-btc-usd-spot,2022-03-07T15:53:07.759053000Z,292603181,0.00108961,39119.94,2022-03-07T15:53:07.833160000Z,buy
coinbase-btc-usd-spot,2022-03-07T15:53:07.759053000Z,292603182,0.0103501,39119.95,2022-03-07T15:53:07.833160000Z,buy
coinbase-btc-usd-spot,2022-03-07T15:53:07.759053000Z,292603183,0.022704,39121.63,2022-03-07T15:53:07.833160000Z,buy
coinbase-btc-usd-spot,2022-03-07T15:53:07.759053000Z,292603184,0.02556462,39121.78,2022-03-07T15:53:07.833160000Z,buy
coinbase-btc-usd-spot,2022-03-07T15:53:07.759053000Z,292603185,0.01193517,39122.43,2022-03-07T15:53:07.833160000Z,buy
coinbase-btc-usd-spot,2022-03-07T15:53:07.759053000Z,292603186,0.12782785,39123.61,2022-03-07T15:53:07.833160000Z,buy
coinbase-btc-usd-spot,2022-03-07T15:53:07.759053000Z,292603187,0.06391155,39123.89,2022-03-07T15:53:07.833160000Z,buy
coinbase-btc-usd-spot,2022-03-07T15:53:07.759053000Z,292603188,0.045334,39124.35,2022-03-07T15:53:07.833160000Z,buy
coinbase-btc-usd-spot,2022-03-07T15:53:07.759053000Z,292603189,0.02133097,39124.35,2022-03-07T15:53:07.833160000Z,buy
coinbase-btc-usd-spot,2022-03-07T15:53:07.759053000Z,292603190,0.064,39124.46,2022-03-07T15:53:07.833160000Z,buy
coinbase-btc-usd-spot,2022-03-07T15:53:07.759053000Z,292603191,0.48798025,39125.31,2022-03-07T15:53:07.833160000Z,buy
coinbase-btc-usd-spot,2022-03-07T15:53:07.759053000Z,292603192,0.01442772,39126.13,2022-03-07T15:53:07.833160000Z,buy
coinbase-btc-usd-spot,2022-03-07T15:53:07.759053000Z,292603193,0.49507418,39126.46,2022-03-07T15:53:07.972553000Z,buy
coinbase-btc-usd-spot,2022-03-07T15:53:07.798371000Z,292603194,0.03709129,39127.05,2022-03-07T15:53:07.972553000Z,sell
coinbase-btc-usd-spot,2022-03-07T15:53:07.798371000Z,292603195,0.00325159,39127.05,2022-03-07T15:53:07.972553000Z,sell
coinbase-btc-usd-spot,2022-03-07T15:53:07.798371000Z,292603196,0.01558694,39127.01,2022-03-07T15:53:07.972553000Z,sell
coinbase-btc-usd-spot,2022-03-07T15:53:07.798371000Z,292603197,0.35321868,39127,2022-03-07T15:53:07.972553000Z,sell
coinbase-btc-usd-spot,2022-03-07T15:53:07.891790000Z,292603198,0.00189104,39127.01,2022-03-07T15:53:08.073182000Z,sell
coinbase-btc-usd-spot,2022-03-07T15:53:07.891790000Z,292603199,0.01471151,39127,2022-03-07T15:53:08.073182000Z,sell
coinbase-btc-usd-spot,2022-03-07T15:53:07.958309000Z,292603200,0.064,39127.04,2022-03-07T15:53:08.073182000Z,buy
coinbase-btc-usd-spot,2022-03-07T15:53:07.958309000Z,292603201,0.02556394,39127.05,2022-03-07T15:53:08.073182000Z,buy
coinbase-btc-usd-spot,2022-03-07T15:53:07.958309000Z,292603202,0.05,39127.05,2022-03-07T15:53:08.073182000Z,buy
coinbase-btc-usd-spot,2022-03-07T15:53:07.958309000Z,292603203,0.06390985,39127.06,2022-03-07T15:53:08.073182000Z,buy
coinbase-btc-usd-spot,2022-03-07T15:53:07.958309000Z,292603204,0.0027,39127.07,2022-03-07T15:53:08.073182000Z,buy
coinbase-btc-usd-spot,2022-03-07T15:53:08.000573000Z,292603205,0.1,39127.05,2022-03-07T15:53:08.073182000Z,buy
coinbase-btc-usd-spot,2022-03-07T15:53:08.566152000Z,292603206,0.00224909,39129.66,2022-03-07T15:53:08.722117000Z,buy
coinbase-btc-usd-spot,2022-03-07T15:53:08.892073000Z,292603207,0.0176467,39129.16,2022-03-07T15:53:09.048342000Z,sell
coinbase-btc-usd-spot,2022-03-07T15:53:09.265990000Z,292603208,0.00010274,39129.34,2022-03-07T15:53:09.334531000Z,sell
coinbase-btc-usd-spot,2022-03-07T15:53:09.417188000Z,292603209,0.00143503,39129.66,2022-03-07T15:53:09.548976000Z,buy
coinbase-btc-usd-spot,2022-03-07T15:53:09.648485000Z,292603210,0.06031588,39129.66,2022-03-07T15:53:09.798868000Z,buy
coinbase-btc-usd-spot,2022-03-07T15:53:09.648485000Z,292603211,0.0006,39129.67,2022-03-07T15:53:09.798868000Z,buy
coinbase-btc-usd-spot,2022-03-07T15:53:09.960373000Z,292603212,0.001,39133.43,2022-03-07T15:53:10.049905000Z,buy
coinbase-btc-usd-spot,2022-03-07T15:53:09.960373000Z,292603213,0.00146697,39133.44,2022-03-07T15:53:10.049905000Z,buy
coinbase-btc-usd-spot,2022-03-07T15:53:11.940665000Z,292603214,0.001,39131.44,2022-03-07T15:53:12.050693000Z,buy
coinbase-btc-usd-spot,2022-03-07T15:53:11.940665000Z,292603215,0.00584157,39131.45,2022-03-07T15:53:12.050693000Z,buy
coinbase-btc-usd-spot,2022-03-07T15:53:12.656290000Z,292603216,0.00719346,39133.44,2022-03-07T15:53:12.801234000Z,buy
coinbase-btc-usd-spot,2022-03-07T15:53:12.656290000Z,292603217,0.05,39137.99,2022-03-07T15:53:12.801234000Z,buy
coinbase-btc-usd-spot,2022-03-07T15:53:12.656290000Z,292603218,0.04,39137.99,2022-03-07T15:53:12.801234000Z,buy
coinbase-btc-usd-spot,2022-03-07T15:53:12.656290000Z,292603219,0.1,39138,2022-03-07T15:53:12.801234000Z,buy
coinbase-btc-usd-spot,2022-03-07T15:53:12.656290000Z,292603220,0.05627246,39139.49,2022-03-07T15:53:12.801234000Z,buy
coinbase-btc-usd-spot,2022-03-07T15:53:12.893439000Z,292603221,0.00865016,39139.89,2022-03-07T15:53:13.051133000Z,sell
coinbase-btc-usd-spot,2022-03-07T15:53:13.064919000Z,292603222,0.00049598,39139.9,2022-03-07T15:53:13.235549000Z,buy
coinbase-btc-usd-spot,2022-03-07T15:53:13.645470000Z,292603223,0.0018929,39135.02,2022-03-07T15:53:13.802479000Z,sell
coinbase-btc-usd-spot,2022-03-07T15:53:13.645470000Z,292603224,0.00841834,39135.01,2022-03-07T15:53:13.802479000Z,sell
coinbase-btc-usd-spot,2022-03-07T15:53:13.645470000Z,292603225,0.000429,39135.01,2022-03-07T15:53:13.802479000Z,sell
coinbase-btc-usd-spot,2022-03-07T15:53:13.645470000Z,292603226,0.01763228,39133.54,2022-03-07T15:53:13.802479000Z,sell
coinbase-btc-usd-spot,2022-03-07T15:53:13.736481000Z,292603227,0.02664886,39139.24,2022-03-07T15:53:13.802479000Z,buy
coinbase-btc-usd-spot,2022-03-07T15:53:13.818073000Z,292603228,0.0062871,39140.5,2022-03-07T15:53:13.987380000Z,buy
coinbase-btc-usd-spot,2022-03-07T15:53:13.910725000Z,292603229,0.00865154,39136.65,2022-03-07T15:53:14.051631000Z,buy
coinbase-btc-usd-spot,2022-03-07T15:53:13.929773000Z,292603230,0.00050791,39141.98,2022-03-07T15:53:14.051631000Z,buy
coinbase-btc-usd-spot,2022-03-07T15:53:14.105271000Z,292603231,0.00079259,39141.98,2022-03-07T15:53:14.238076000Z,buy
coinbase-btc-usd-spot,2022-03-07T15:53:14.508622000Z,292603232,0.00004264,39141.98,2022-03-07T15:53:14.577176000Z,buy
coinbase-btc-usd-spot,2022-03-07T15:53:14.636074000Z,292603233,0.02989371,39137.44,2022-03-07T15:53:14.739648000Z,sell
coinbase-btc-usd-spot,2022-03-07T15:53:16.143630000Z,292603234,0.0024419,39135.13,2022-03-07T15:53:16.241010000Z,buy
coinbase-btc-usd-spot,2022-03-07T15:53:16.474195000Z,292603235,0.000254,39135.13,2022-03-07T15:53:16.552920000Z,buy
coinbase-btc-usd-spot,2022-03-07T15:53:16.950277000Z,292603236,0.00595807,39135.13,2022-03-07T15:53:17.078351000Z,buy
coinbase-btc-usd-spot,2022-03-07T15:53:16.950277000Z,292603237,0.00865097,39135.77,2022-03-07T15:53:17.078351000Z,buy
coinbase-btc-usd-spot,2022-03-07T15:53:17.820697000Z,292603238,0.00024891,39140.3,2022-03-07T15:53:17.992790000Z,sell
coinbase-btc-usd-spot,2022-03-07T15:53:17.884915000Z,292603239,0.00257,39140.32,2022-03-07T15:53:17.992790000Z,sell
coinbase-btc-usd-spot,2022-03-07T15:53:17.896880000Z,292603240,0.00000004,39140.32,2022-03-07T15:53:17.992790000Z,sell
coinbase-btc-usd-spot,2022-03-07T15:53:17.896880000Z,292603241,0.00257004,39140.31,2022-03-07T15:53:18.054304000Z,sell
coinbase-btc-usd-spot,2022-03-07T15:53:17.896880000Z,292603242,0.00609561,39138.2,2022-03-07T15:53:18.054304000Z,sell
coinbase-btc-usd-spot,2022-03-07T15:53:18.352815000Z,292603243,0.00010194,39141.68,2022-03-07T15:53:18.493343000Z,buy
coinbase-btc-usd-spot,2022-03-07T15:53:18.576196000Z,292603244,0.00488942,39141.16,2022-03-07T15:53:18.747409000Z,buy
coinbase-btc-usd-spot,2022-03-07T15:53:18.579425000Z,292603245,0.00132503,39136.69,2022-03-07T15:53:18.747409000Z,sell
coinbase-btc-usd-spot,2022-03-07T15:53:18.587269000Z,292603246,0.00132503,39136.23,2022-03-07T15:53:18.747409000Z,sell
coinbase-btc-usd-spot,2022-03-07T15:53:18.587269000Z,292603247,0.000078,39136.22,2022-03-07T15:53:18.747409000Z,sell
coinbase-btc-usd-spot,2022-03-07T15:53:18.621685000Z,292603248,0.022704,39133.29,2022-03-07T15:53:18.829389000Z,sell
coinbase-btc-usd-spot,2022-03-07T15:53:18.893210000Z,292603249,0.00738948,39132.14,2022-03-07T15:53:18.994513000Z,sell
coinbase-btc-usd-spot,2022-03-07T15:53:18.893210000Z,292603250,0.00125379,39131.86,2022-03-07T15:53:18.994513000Z,sell
coinbase-btc-usd-spot,2022-03-07T15:53:19.892594000Z,292603251,0.00865494,39132.28,2022-03-07T15:53:19.997658000Z,sell
coinbase-btc-usd-spot,2022-03-07T15:53:20.211153000Z,292603252,0.001,39136.9,2022-03-07T15:53:20.329770000Z,buy
coinbase-btc-usd-spot,2022-03-07T15:53:20.211153000Z,292603253,0.0003222,39139.76,2022-03-07T15:53:20.329770000Z,buy
coinbase-btc-usd-spot,2022-03-07T15:53:20.562589000Z,292603254,0.00072179,39133.28,2022-03-07T15:53:20.752756000Z,sell
coinbase-btc-usd-spot,2022-03-07T15:53:20.562589000Z,292603255,0.00279203,39133.28,2022-03-07T15:53:20.752756000Z,sell
coinbase-btc-usd-spot,2022-03-07T15:53:20.892537000Z,292603256,0.00864732,39133.67,2022-03-07T15:53:21.001068000Z,sell
coinbase-btc-usd-spot,2022-03-07T15:53:21.078394000Z,292603257,0.001,39139.37,2022-03-07T15:53:21.260631000Z,buy
coinbase-btc-usd-spot,2022-03-07T15:53:21.078394000Z,292603258,0.001,39139.38,2022-03-07T15:53:21.260631000Z,buy
coinbase-btc-usd-spot,2022-03-07T15:53:21.078394000Z,292603259,0.001,39141.22,2022-03-07T15:53:21.260631000Z,buy
coinbase-btc-usd-spot,2022-03-07T15:53:21.078394000Z,292603260,0.02458791,39141.23,2022-03-07T15:53:21.260631000Z,buy
coinbase-btc-usd-spot,2022-03-07T15:53:21.078394000Z,292603261,0.045314,39141.53,2022-03-07T15:53:21.260631000Z,buy
coinbase-btc-usd-spot,2022-03-07T15:53:21.078394000Z,292603262,0.04,39141.97,2022-03-07T15:53:21.260631000Z,buy
coinbase-btc-usd-spot,2022-03-07T15:53:21.078394000Z,292603263,0.18167108,39141.98,2022-03-07T15:53:21.260631000Z,buy
coinbase-btc-usd-spot,2022-03-07T15:53:21.078394000Z,292603264,0.05,39143.6,2022-03-07T15:53:21.260631000Z,buy
coinbase-btc-usd-spot,2022-03-07T15:53:21.078394000Z,292603265,0.32501228,39143.61,2022-03-07T15:53:21.260631000Z,buy
coinbase-btc-usd-spot,2022-03-07T15:53:21.078394000Z,292603266,0.02554952,39144.5,2022-03-07T15:53:21.260631000Z,buy
coinbase-btc-usd-spot,2022-03-07T15:53:21.078394000Z,292603267,0.50372754,39145.36,2022-03-07T15:53:21.260631000Z,buy
coinbase-btc-usd-spot,2022-03-07T15:53:21.078394000Z,292603268,0.1,39145.37,2022-03-07T15:53:21.260631000Z,buy
coinbase-btc-usd-spot,2022-03-07T15:53:21.078394000Z,292603269,0.47989117,39145.51,2022-03-07T15:53:21.260631000Z,buy
coinbase-btc-usd-spot,2022-03-07T15:53:21.078394000Z,292603270,0.102896,39145.88,2022-03-07T15:53:21.260631000Z,buy
coinbase-btc-usd-spot,2022-03-07T15:53:21.078394000Z,292603271,0.46515361,39145.91,2022-03-07T15:53:21.260631000Z,buy
coinbase-btc-usd-spot,2022-03-07T15:53:21.078394000Z,292603272,0.06387378,39146.62,2022-03-07T15:53:21.260631000Z,buy
coinbase-btc-usd-spot,2022-03-07T15:53:21.078394000Z,292603273,0.09427122,39146.76,2022-03-07T15:53:21.260631000Z,buy
coinbase-btc-usd-spot,2022-03-07T15:53:21.270860000Z,292603274,0.00004343,39144.5,2022-03-07T15:53:21.342445000Z,buy
coinbase-btc-usd-spot,2022-03-07T15:53:21.286100000Z,292603275,0.00374399,39138.82,2022-03-07T15:53:21.510488000Z,sell
coinbase-btc-usd-spot,2022-03-07T15:53:21.743526000Z,292603276,0.00120593,39138.65,2022-03-07T15:53:21.830654000Z,sell
coinbase-btc-usd-spot,2022-03-07T15:53:21.751109000Z,292603277,0.001,39138.66,2022-03-07T15:53:21.830654000Z,sell
coinbase-btc-usd-spot,2022-03-07T15:53:21.751109000Z,292603278,0.0002,39138.65,2022-03-07T15:53:21.830654000Z,sell
coinbase-btc-usd-spot,2022-03-07T15:53:21.896060000Z,292603279,0.008654,39138.65,2022-03-07T15:53:22.002756000Z,sell
coinbase-btc-usd-spot,2022-03-07T15:53:22.007853000Z,292603280,0.01264407,39138.65,2022-03-07T15:53:22.080469000Z,sell
coinbase-btc-usd-spot,2022-03-07T15:53:22.030860000Z,292603281,0.00634362,39136.16,2022-03-07T15:53:22.093167000Z,sell
coinbase-btc-usd-spot,2022-03-07T15:53:22.030860000Z,292603282,0.00767854,39135.46,2022-03-07T15:53:22.093167000Z,sell
coinbase-btc-usd-spot,2022-03-07T15:53:22.089305000Z,292603283,0.01808094,39141.57,2022-03-07T15:53:22.259165000Z,buy
coinbase-btc-usd-spot,2022-03-07T15:53:22.089305000Z,292603284,0.00176999,39141.58,2022-03-07T15:53:22.259165000Z,buy
coinbase-btc-usd-spot,2022-03-07T15:53:22.089305000Z,292603285,0.01884279,39141.58,2022-03-07T15:53:22.259165000Z,buy
coinbase-btc-usd-spot,2022-03-07T15:53:22.089305000Z,292603286,0.01972036,39142.24,2022-03-07T15:53:22.259165000Z,buy
coinbase-btc-usd-spot,2022-03-07T15:53:22.089305000Z,292603287,0.00176999,39142.25,2022-03-07T15:53:22.259165000Z,buy
coinbase-btc-usd-spot,2022-03-07T15:53:22.089305000Z,292603288,0.02604116,39142.25,2022-03-07T15:53:22.259165000Z,buy
coinbase-btc-usd-spot,2022-03-07T15:53:22.089305000Z,292603289,0.01576282,39142.26,2022-03-07T15:53:22.259165000Z,buy
coinbase-btc-usd-spot,2022-03-07T15:53:22.144967000Z,292603290,0.022704,39134.17,2022-03-07T15:53:22.259165000Z,sell
coinbase-btc-usd-spot,2022-03-07T15:53:22.144967000Z,292603291,0.02554952,39132.93,2022-03-07T15:53:22.259165000Z,sell
coinbase-btc-usd-spot,2022-03-07T15:53:22.144967000Z,292603292,0.00403679,39132.85,2022-03-07T15:53:22.259165000Z,sell
coinbase-btc-usd-spot,2022-03-07T15:53:22.144967000Z,292603293,0.04,39132.3,2022-03-07T15:53:22.259165000Z,sell
coinbase-btc-usd-spot,2022-03-07T15:53:22.144967000Z,292603294,0.01453649,39132.29,2022-03-07T15:53:22.259165000Z,sell
coinbase-btc-usd-spot,2022-03-07T15:53:22.155545000Z,292603295,0.02081051,39132.29,2022-03-07T15:53:22.331295000Z,sell
coinbase-btc-usd-spot,2022-03-07T15:53:22.155545000Z,292603296,0.4872341,39130.44,2022-03-07T15:53:22.331295000Z,sell
coinbase-btc-usd-spot,2022-03-07T15:53:22.190518000Z,292603297,0.02555163,39130.01,2022-03-07T15:53:22.331295000Z,sell
coinbase-btc-usd-spot,2022-03-07T15:53:22.190518000Z,292603298,0.17057209,39130,2022-03-07T15:53:22.331295000Z,sell
coinbase-btc-usd-spot,2022-03-07T15:53:22.250528000Z,292603299,0.0227,39131.68,2022-03-07T15:53:22.331295000Z,sell
coinbase-btc-usd-spot,2022-03-07T15:53:22.314702000Z,292603300,0.56189,39130,2022-03-07T15:53:22.516313000Z,sell
coinbase-btc-usd-spot,2022-03-07T15:53:22.533993000Z,292603301,0.022704,39130.01,2022-03-07T15:53:22.595426000Z,buy
coinbase-btc-usd-spot,2022-03-07T15:53:22.533993000Z,292603302,0.001,39130.01,2022-03-07T15:53:22.758546000Z,buy
coinbase-btc-usd-spot,2022-03-07T15:53:22.555119000Z,292603303,0.022704,39130.67,2022-03-07T15:53:22.758546000Z,buy
coinbase-btc-usd-spot,2022-03-07T15:53:22.555119000Z,292603304,0.001,39131.8,2022-03-07T15:53:22.758546000Z,buy
coinbase-btc-usd-spot,2022-03-07T15:53:22.555119000Z,292603305,0.064,39132,2022-03-07T15:53:22.758546000Z,buy
coinbase-btc-usd-spot,2022-03-07T15:53:23.791939000Z,292603306,0.001,39133.81,2022-03-07T15:53:24.009968000Z,buy
coinbase-btc-usd-spot,2022-03-07T15:53:23.791939000Z,292603307,0.00865188,39133.82,2022-03-07T15:53:24.009968000Z,buy
coinbase-btc-usd-spot,2022-03-07T15:53:23.916400000Z,292603308,0.001,39135.11,2022-03-07T15:53:24.082509000Z,buy
coinbase-btc-usd-spot,2022-03-07T15:53:23.916400000Z,292603309,0.00865414,39135.12,2022-03-07T15:53:24.082509000Z,buy
coinbase-btc-usd-spot,2022-03-07T15:53:23.916400000Z,292603310,0.001,39135.2,2022-03-07T15:53:24.082509000Z,buy
coinbase-btc-usd-spot,2022-03-07T15:53:23.916400000Z,292603311,0.01590132,39135.21,2022-03-07T15:53:24.082509000Z,buy
coinbase-btc-usd-spot,2022-03-07T15:53:24.014728000Z,292603312,0.001,39135.11,2022-03-07T15:53:24.082509000Z,buy
coinbase-btc-usd-spot,2022-03-07T15:53:24.014728000Z,292603313,0.001,39135.2,2022-03-07T15:53:24.082509000Z,buy
coinbase-btc-usd-spot,2022-03-07T15:53:24.014728000Z,292603314,0.000445,39136.77,2022-03-07T15:53:24.096356000Z,buy
coinbase-btc-usd-spot,2022-03-07T15:53:24.219997000Z,292603315,0.00006963,39139.74,2022-03-07T15:53:24.331861000Z,buy
coinbase-btc-usd-spot,2022-03-07T15:53:24.323339000Z,292603316,0.00292551,39135.44,2022-03-07T15:53:24.510365000Z,sell
coinbase-btc-usd-spot,2022-03-07T15:53:24.323339000Z,292603317,0.0140775,39135.2,2022-03-07T15:53:24.510365000Z,sell
coinbase-btc-usd-spot,2022-03-07T15:53:24.323339000Z,292603318,0.00292551,39135.16,2022-03-07T15:53:24.510365000Z,sell
coinbase-btc-usd-spot,2022-03-07T15:53:24.331490000Z,292603319,0.00244232,39139.57,2022-03-07T15:53:24.510365000Z,buy
coinbase-btc-usd-spot,2022-03-07T15:53:24.573609000Z,292603320,0.0179,39131.87,2022-03-07T15:53:24.760763000Z,sell
coinbase-btc-usd-spot,2022-03-07T15:53:24.803048000Z,292603321,0.001,39131.13,2022-03-07T15:53:25.011244000Z,buy
coinbase-btc-usd-spot,2022-03-07T15:53:24.803048000Z,292603322,0.0014662,39131.14,2022-03-07T15:53:25.011244000Z,buy
coinbase-btc-usd-spot,2022-03-07T15:53:25.825357000Z,292603323,0.0011702,39130.01,2022-03-07T15:53:26.023086000Z,sell
coinbase-btc-usd-spot,2022-03-07T15:53:25.825357000Z,292603324,0.00138652,39130,2022-03-07T15:53:26.023086000Z,sell
coinbase-btc-usd-spot,2022-03-07T15:53:25.893780000Z,292603325,0.00865033,39130,2022-03-07T15:53:26.012066000Z,sell
